2018 3316
132 196 189 257 1⁴2
359 205 511 253 ananam
541 206 603 252 nea.
614 204 643 252 v.
662 204 771 254 aee-‚a

173 354 305 429 Dederis,
332 356 409 414 unde
436 365 548 414 utatur:
583 353 684 414 reddet
709 353 763 413 tibi
790 353 860 413 cito.
909 353 959 414 Μ.

290 452 368 511 Ietoo
382 452 472 510 vilius.

127 550 240 609 ffiAEs.
263 549 353 629 Frugi
367 549 517 608 homoest
559 548 612 626 Sy.
633 547 768 607 Reddam
792 546 910 621 herede,
928 546 961 605 dn

290 647 384 705 modo.
426 645 494 705 ὥς.
517 647 592 724 Age,
605 655 694 722 pater.
736 644 791 703 Mi.
812 644 884 704 Post
898 662 962 703 oon·

289 744 389 802 sulam.

172 840 229 898 De.
251 840 360 899 Faciet.
409 840 461 918 Sy.
482 839 512 899 0
534 839 577 898 vir
599 840 736 918 optume!
783 836 856 896 ὣς.
876 836 908 896 O
927 837 962 895 mi

288 948 368 1013 pater
382 936 579 995 sentivimimei

171 1032 226 1090 m:
246 1031 328 1096 Quid
351 1032 445 1091 ietued
484 1031 562 1096 Quae
582 1042 709 1091 restam
732 1041 852 1109 repente
872 1049 963 1090 mmm

289 1129 408 1187 mutavit
420 1130 506 1187 tuoni

170 1224 262 1289 Quod
275 1225 461 1302 prolubium?
480 1245 544 1302 qnae
558 1225 638 1283 istaeo
651 1223 748 1283 subita
759 1232 805 1282 eat
825 1223 962 1304 largitae?

290 1322 347 1381 De.
369 1321 473 1380 Dicam
487 1321 560 1380 tibi:

172 1418 211 1478 Ut
224 1417 254 1477 id
267 1419 459 1491 ostenderem,
473 1419 550 1495 quod
563 1428 592 1477 te
606 1418 654 1477 ieti
667 1417 783 1477 saeilem
792 1427 823 1477 et
832 1416 961 1477 festivum

288 1526 400 1595 putant,

128 1619 159 1669 ω
172 1613 206 1671 Id
220 1633 278 1672 non
292 1613 353 1671 fieri
368 1632 403 1672 ex
417 1612 483 1672 verd
497 1611 566 1685 vita,
579 1630 673 1688 neque
688 1611 760 1670 adeo
781 1629 818 1670 ex
840 1621 961 1689 equoet

290 1710 384 1781 bono;

172 1806 230 1864 Sed
251 1824 287 1864 ex
314 1805 494 1880 assentando,
530 1804 716 1884 indulgendo,
746 1815 775 1864 et
800 1804 961 1885 largiundo,

289 1901 390 1960 Minio.

173 1998 263 2058 Nune
278 1999 359 2072 adeo,
373 1999 398 2058 ei
412 1999 449 2057 ob
463 2018 527 2058 eam
540 2018 601 2058 rem
615 1998 696 2057 vobis
709 1997 767 2057 vita
788 2017 854 2058 mea
875 2000 960 2059 invisa

289 2107 343 2170 est,
358 2096 508 2170 AEsohine,

171 2196 254 2260 Quia
266 2215 325 2254 non
346 2194 434 2272 justa,
448 2194 562 2271 injusta,
587 2212 704 2271 prorsas
726 2194 825 2253 omnia
844 2195 959 2254 omnino

289 2292 447 2367 obsequ013

173 2388 265 2446 Missa
279 2388 372 2446 dacio:
394 2386 541 2458 effundite,
556 2385 652 2459 emite,
668 2386 764 2458 facite,
785 2387 862 2462 quod
884 2386 958 2445 vobis

288 2483 376 2542 lubet.

128 2587 158 2636 35
174 2580 232 2637 Sed
254 2580 278 2638 ai
294 2581 323 2638 id
337 2581 420 2639 voltis
433 2580 538 2657 potina,
557 2598 620 2656 quae
644 2598 694 2638 vos
714 2590 831 2656 propter
854 2580 959 2637 adolea-

289 2677 414 2736 centiam

174 2773 272 2833 Minus
285 2773 397 2845 videtis,
413 2774 503 2853 magis
527 2773 655 2850 impense
676 2771 792 2850 capitis,
814 2771 959 2833 ooneaiitis

288 2888 401 2948 parum,
