2018 3316
271 191 419 239 ‘aunum
448 191 541 238 mr
560 190 671 237 scaro.
855 176 896 241 m
924 250 927 255 Δ

60 337 119 397 Ρα.
142 337 256 398 Memor
282 343 394 401 essem?
428 359 446 398 o
473 338 583 416 Mysia!
618 337 729 416 Mysis!
762 337 850 397 etiam

177 455 257 494 nuno
270 436 341 494 mim

59 531 176 608 Scripta
189 532 238 591 illa
251 533 329 591 diota
342 544 408 593 sunt
422 533 452 591 in
467 533 564 591 animo
577 531 727 608 Chrysidis
786 532 790 543 ’

58 629 107 688 De
119 620 263 706 Glycerio.
306 629 324 688 J
327 650 370 688 am
385 630 474 689 ferme
488 629 613 710 moriens
626 648 674 687 rue
686 638 789 687 vocat:

59 727 202 798 Accessi}
222 746 273 786 voa
287 736 421 793 semote:
442 746 496 785 nos
509 726 582 785 soli:
604 725 724 802 inoipit;
771 746 774 753 '
863 737 895 789 ὅθ

59 823 135 882 “Mi
169 823 329 901 Pamphile,
363 823 448 901 hujus
477 823 599 881 sormam
624 833 710 899 atque
736 831 849 881 aetatem

176 921 275 980 vides:
355 966 359 971 .
390 951 393 960 ·

59 1017 126 1076 Neo
150 1017 224 1075 ciam
248 1028 277 1077 te
299 1027 352 1092 eat,
377 1037 463 1094 quam
486 1009 529 1075 illi
551 1027 680 1093 utraeque
703 1035 749 1076 res
769 1035 849 1076 nuno

151 1100 273 1189 utiles,
739 1116 744 1124 '

59 1213 98 1272 Et
113 1213 149 1271 ad
163 1212 342 1289 pudicitiam,
356 1223 386 1271 et
400 1212 435 1270 ad
449 1231 509 1270 rem
523 1212 672 1270 tutandam
685 1210 768 1270 aient.
785 1200 789 1208 ⁸
804 1269 807 1274 .

57 1309 150 1374 Quod
164 1326 220 1388 ego
233 1319 262 1368 te
274 1322 325 1386 per
338 1309 414 1368 hano
426 1309 555 1368 dextram
575 1326 636 1380 oro,
651 1318 681 1366 et
700 1307 849 1386 ingenium

178 1417 270 1478 tuum,

58 1503 114 1563 Per
127 1513 209 1575 tuam
221 1502 317 1575 fidem,
330 1520 439 1580 perque
451 1500 536 1579 hujus
545 1500 735 1559 'solitudinem
861 1513 894 1562 5⁵

59 1599 105 1659 Te
115 1600 256 1672 obtestor,
266 1618 304 1658 ue
315 1582 490 1665 abstehano
500 1615 644 1676 segreges,
655 1616 713 1656 nou
724 1597 847 1658 deseras.

60 1697 133 1756 uite
147 1695 179 1754 in
193 1695 322 1774 germani
336 1693 434 1754 fratria-
443 1693 530 1754 dilexi
542 1692 619 1766 loeo,
764 1696 769 1706 ’
823 1698 826 1704 “

61 1793 126 1853 Sive
141 1793 207 1851 haeo
219 1802 248 1850 te
261 1791 353 1850 solum
367 1806 478 1879 semper
492 1791 562 1849 fecit
574 1791 711 1863 maxumi,

61 1891 117 1950 Seu
132 1889 188 1949 tibi
201 1888 344 1966 morigera
356 1887 411 1947 fuit
423 1887 454 1946 in
467 1887 554 1946 rebus
567 1887 709 1947 omuibua
756 1898 760 1908 “

60 1985 105 2047 Te
118 1987 168 2046 isti
177 1975 274 2043 'vuum
287 1984 337 2056 do,
351 1984 486 2056 amioum,
498 1993 633 2056 tutorem,
647 1994 766 2061 patrem.
862 1996 895 2046 e·

60 2082 143 2143 ama
160 2090 265 2140 mostra
287 2081 349 2140 hao
373 2080 427 2139 tibi
449 2080 594 2158 permitto,
614 2090 644 2138 et
664 2091 722 2139 tua
743 2080 853 2140 maudo

176 2175 274 2236 fidei.’'

60 2273 148 2335 Hauo
160 2273 232 2332 mihi
246 2271 277 2333 iu
290 2291 407 2332 manum
421 2272 489 2331 dat:
510 2291 588 2331 mors
605 2271 745 2330 continuo
758 2271 849 2348 ipsum

177 2381 310 2448 oocupat.

60 2466 192 2546 Accepi:
214 2475 363 2544 aooeptam
378 2466 505 2524 servabo.
546 2465 609 2543 My.
630 2463 676 2524 Ita
689 2482 773 2542 spero
788 2465 849 2542 quis
889 2471 894 2477 ’

178 2564 253 2623 dem.

60 2661 119 2723 Pa
140 2661 202 2721 Sed
215 2679 267 2721 our
279 2670 313 2720 tu
327 2659 389 2718 abir
402 2659 439 2719 ab
452 2658 524 2717 urar
571 2658 635 2736 My.
656 2657 851 2718 Obstetrioem

180 2774 301 2817 aroeaao.
335 2756 403 2815 Pa.
423 2755 558 2832 Propera.

62 2858 159 2934 Atque
173 2854 293 2915 aadia’i
313 2853 432 2913 verbum
444 2871 534 2910 unum
549 2869 618 2909 eave
631 2851 667 2910 de
680 2850 788 2927 nuptiis
798 2870 815 2921 3:
862 2861 896 2911 (ὃ

62 2953 109 3015 Ne
122 2953 160 3014 ad
173 2952 305 3011 morbum
319 2950 381 3009 hoo·
388 2949 486 3008 etiarm
505 2948 589 3027 My.
610 2947 734 3009 Tanau

179 3078 197 3113 f
294 3046 319 3105 3
