2018 3316
127 208 185 271 1oe
349 220 504 269 annnam
532 220 647 271 acam.
665 220 774 269 aura-a

168 368 344 446 Proapiaare.
388 369 443 428 De.
464 369 569 433 Quidr
598 369 776 447 isthea'jam
794 388 886 448 pena
904 388 953 430 voa

285 466 402 543 psaltria
414 466 472 524 'sti
679 512 688 523 ..

124 573 155 623 35
169 563 221 640 Sy.
243 561 336 621 Ellam
361 563 446 622 intua.
487 563 545 622 De.
566 562 641 637 Eua,
663 565 699 621 an
713 561 791 621 dorni
809 575 854 622 eat
874 562 953 623 habi-

285 661 389 718 turuai
429 660 482 736 Sy.
503 659 609 733 Credo,
624 669 656 717 ut
668 669 713 717 eat
769 680 773 687 ·

170 757 331 816 Dementia.
382 757 438 816 De.
474 757 614 815 Haeccine
640 756 720 815 fieri!
769 756 821 834 Sy.
852 756 954 836 Inepta

286 853 390 912 lenitas
688 882 692 887 ·

169 950 272 1024 Patria,
305 960 334 1009 et
370 950 491 1008 facilitas
525 969 620 1027 prava.
680 949 737 1008 De.
772 949 883 1009 Fratris
909 968 954 1010 ma

287 1046 402 1122 quidem

169 1144 273 1217 Pudet,
287 1143 430 1221 pigetque.
472 1143 525 1220 Sy.
566 1142 703 1201 Nimium.
720 1141 795 1201 inter
813 1162 875 1217 vna,
898 1143 955 1203 Da·

288 1258 361 1312 mea,
378 1239 427 1317 (an
525 1308 528 1313 f

170 1334 250 1404 Non,
264 1333 332 1411 quia
352 1333 419 1392 ades
439 1350 573 1410 presens,
598 1333 665 1392 diuo
688 1333 758 1414 hoo)
781 1334 954 1412 pernimium

286 1431 411 1490 interest.
792 1435 796 1455 ²

125 1539 156 1590 4⁰
169 1527 229 1601 Tu,
243 1540 365 1604 quantus
378 1538 511 1604 quantus,
525 1527 595 1585 nihil
610 1526 666 1585 nisi
680 1527 821 1604 napientia
832 1547 884 1588 aa:

170 1623 233 1694 Ille,
247 1625 397 1683 somnium.
439 1625 556 1682 Sineres
569 1642 636 1682 vero
649 1633 679 1681 tu
694 1623 775 1683 illum
788 1634 870 1684 tunm

171 1720 281 1779 Faaere
305 1722 389 1779 haud
428 1720 485 1778 De.
507 1720 670 1779 “Sinerem
691 1719 819 1779 illum!’'
841 1740 878 1780 an
898 1740 954 1782 non

287 1815 417 1875 sextatis
431 1817 578 1874 mensibus

170 1912 254 1972 Prius
267 1908 437 1984 alfediaaem,
451 1932 537 1989 quam
551 1913 599 1972 ille
611 1914 765 1990 quidquam
780 1914 924 1991 ampariti

172 2009 224 2088 ay.
245 2008 432 2086 Vigilantiam
446 2019 524 2067 tuam
537 2022 569 2068 tu
582 2009 653 2068 mihi
667 2011 785 2068 nannai
824 2010 883 2072 De.
904 2011 955 2071 su

287 2105 342 2164 siet
778 2110 782 2117 '

126 2208 158 2258 45
172 2201 273 2273 Modo,
300 2213 330 2260 ut
355 2220 435 2259 nunc
456 2213 508 2274 est,
532 2221 637 2278 quaeao.
685 2203 737 2281 Sy.
767 2202 806 2262 Ut
835 2203 955 2281 quiaque

288 2316 371 2356 suum
386 2298 443 2356 volt
456 2316 529 2369 esse,
544 2298 584 2356 ita
597 2300 641 2357 ’aa

172 2395 228 2454 De.
243 2395 325 2458 Quid
334 2414 398 2452 eum
410 2439 417 2453 .
430 2439 436 2453 .
450 2394 610 2452 ‚inidiotin'
621 2395 723 2454 hodie?
752 2395 804 2472 Sy.
815 2390 953 2456 Tuumne

289 2491 399 2549 filium?

173 2586 298 2664 Abigam
312 2587 389 2644 hunc
402 2607 458 2645 rus.
499 2586 672 2646 Iamdudum
683 2587 789 2665 aliquid
803 2589 863 2647 ruri
873 2606 955 2668 agere

291 2683 417 2743 arbitror.

174 2780 231 2841 Da.
254 2778 344 2837 Satin’
359 2780 416 2837 acis
436 2780 476 2838 ibi
491 2782 573 2839 esaei
613 2781 666 2858 Sy.
686 2780 751 2840 Oh!
773 2781 822 2858 qui
842 2791 955 2861 egomet

290 2873 420 2952 produxi.
460 2875 516 2935 De.
537 2875 664 2954 Optume
677 2878 720 2935 'aa
