2018 3316
123 173 165 233 &2
351 184 503 233 Auuursu
533 184 625 233 Acuti
645 184 756 233 Suum.

171 350 225 409 Mi.
252 350 378 410 Homine
397 351 529 428 imperito
544 370 690 428 nunquam
705 350 861 429 quidquam
874 349 954 429 injus·

287 447 354 520 tius,

170 543 242 615 Qui,
257 543 313 601 uisi
327 541 402 619 quod
415 562 474 620 ipse
489 534 652 625 emuniuit
666 553 776 600 rectum
790 553 882 620 putst.

123 641 155 691 2⁰
171 639 227 698 De.
248 640 397 702 Quorsum
409 639 504 697 istuei
544 638 598 698 Mi.
619 636 701 702 Quia
711 649 753 711 tu,
763 638 886 713 Demea,
897 639 954 698 hur

287 736 361 794 maie
372 735 494 813 judicus.

170 833 200 895 N
202 853 240 891 ou
254 845 297 891 est
310 833 460 911 flagitium,
475 834 545 891 mihi
560 834 656 906 erede,
672 832 920 893 adolescentulum

170 929 308 1001 Scortari,
321 948 415 1006 neque
427 940 544 1006 potare;
566 949 629 987 nou·
638 940 701 988 est:
721 947 817 1006 neque
830 930 908 988 iores

170 1024 339 1102 Effriugere.
382 1025 453 1083 Hoeo
462 1025 487 1083 si
498 1044 592 1102 neque
600 1043 766 1103 ego,.ueque
774 1025 955 1097 tudertinum,

169 1119 238 1180 Nou
252 1121 316 1178 sivit
330 1131 442 1198 egestas
454 1121 552 1193 ¹faeere
566 1138 627 1179 nos.
668 1107 718 1178 Tu
732 1138 812 1178 nune
825 1119 881 1181 tibi
919 1180 922 1187 Α

121 1222 154 1272 25
169 1215 204 1272 id
217 1216 295 1274 laudi
309 1200 492 1292 ducis,·qu0d
507 1227 568 1274 tum
582 1215 676 1275 fecisti
689 1215 808 1293 iuopiss
879 1242 883 1253 ¹

168 1310 308 1389 Iniurium
322 1315 382 1372 est:
403 1332 479 1383 uum,
493 1312 518 1370 si
532 1323 616 1384 esset·
630 1311 708 1382 uude
720 1311 751 1371 id
764 1312 856 1387 fieret,

169 1408 360 1468 Faceremus:
382 1419 411 1467 et
425 1420 455 1468 tu
470 1409 551 1467 illum
560 1419 656 1483 tuum,
671 1409 695 1467 si
709 1427 788 1469 esses
801 1409 899 1482 homo,

168 1505 285 1564 Sineres
299 1525 377 1564 nune
391 1506 495 1579 faeere,
510 1505 579 1563 dum
591 1524 642 1582 per
656 1515 768 1564 etatem
782 1504 862 1578 licet,

168 1601 269 1660 Potius
281 1622 377 1678 quam,
392 1603 441 1660 ubi
453 1613 484 1661 te
497 1611 691 1679 exspestetuur
705 1600 839 1680 ejecisset
852 1603 938 1677 sorus,

121 1703 153 1755 ³⁰
169 1697 319 1773 Alieniore
332 1707 424 1770 aetate,
438 1707 503 1776 post
516 1699 624 1767 faceret
636 1707 741 1758 tamen.

168 1792 225 1851 De.
247 1793 304 1850 Pro
318 1793 448 1869 Jupiter!
479 1805 522 1867 tu,
542 1794 639 1866 homo,
661 1793 753 1872 adigis
773 1812 819 1853 me
834 1793 870 1853 ud
884 1793 958 1854 iusu-

286 1907 373 1947 nium.
747 1937 749 1943 .

168 1983 238 2043 Nou
252 1996 296 2042 est
315 1983 467 2062 flagitium,
488 1985 584 2043 faeere
604 1983 667 2059 huc
689 1984 958 2047 adolescentulum

286 2081 339 2140 Mt.
361 2081 428 2140 Ah!
483 2068 485 2073 '

168 2177 328 2249 Auscultu3
349 2197 387 2249 ue
400 2196 446 2235 me
459 2177 601 2235 obtundas
614 2176 650 2236 de
664 2176 718 2235 hue
732 2195 763 2235 re
776 2177 891 2255 sepius.

168 2272 266 2331 Tuum
280 2274 370 2332 filium
384 2273 488 2332 dedisti
503 2272 695 2349 adoptandum
710 2272 800 2333 mihi:
819 2288 823 2303 ¹
906 2326 909 2331 .

122 2380 152 2431 ³5
168 2368 198 2427 Is
211 2389 292 2428 meus
304 2376 347 2428 est
361 2370 471 2428 sactus:
493 2369 516 2426 si
530 2368 598 2445 quid
611 2379 723 2445 peceat,
738 2369 859 2443 Demea,

169 2463 243 2522 Mihi
257 2477 378 2541 peccat:
398 2485 453 2545 ego
468 2465 509 2523 illi
523 2482 685 2523 maxumam
698 2476 807 2541 purtem
823 2466 926 2528 serem.

169 2559 321 2620 Obsonsti
340 2564 441 2638 potati
462 2561 521 2620 olet
534 2563 702 2639 unguentst
723 2562 759 2620 de
774 2581 848 2622 meo.
924 2610 927 2615 .

169 2657 278 2715 Amati
298 2657 412 2717 dabitur
433 2678 450 2716 a
469 2677 515 2716 me
536 2668 694 2735 argeutum,
716 2658 784 2717 dum
806 2658 861 2717 erit
882 2677 959 2719 cour

287 2754 422 2811 modum:
664 2823 670 2831 ,

168 2847 225 2908 Ubi
239 2867 298 2906 nou
312 2849 375 2918 erit,
390 2849 509 2907 sortasse
523 2849 690 2908 excludetur
705 2849 789 2910 iores.

122 2957 153 3011 ⁴⁰
169 2945 260 3006 Fores
274 2946 407 3026 effregit?
427 2947 630 3007 restituentur:
651 2947 768 3007 discidit
