2032 3322
265 304 418 356 inerim.
447 310 563 357 rcerv.
581 309 693 359 eme
853 302 911 363 llo

74 452 213 534 Ctesipho
238 448 333 516 notem
356 458 387 516 in
412 477 510 517 amore
530 470 574 518 eet
596 468 682 519 totus.
722 458 788 537 Ego
804 476 865 537 Jam

190 555 361 631 prospiciam
377 554 466 613 mihi:
876 564 909 615 50

73 646 151 707 Nem
168 650 227 726 jem
242 650 337 724 adibo,
353 661 438 727 atque
457 651 690 728 unumquodque,
704 651 783 728 quod
802 650 865 728 qui·

190 746 255 805 dem
270 747 326 804 erit
339 748 537 820 bellissimum,

73 840 216 919 Carpum:
251 852 280 900 et
306 844 425 919 cyathos
450 844 603 904 eorbillane
627 844 764 923 paulatim
785 844 864 905 huno

190 938 349 1015 producam
364 940 449 1000 diem.

375 1202 497 1259 scm
515 1204 568 1259 111.

339 1352 445 1413 Mrcro.
480 1354 592 1413 Hroro.

110 1508 164 1568 M.
186 1510 252 1569 Eoo
267 1511 296 1569 in
311 1511 366 1570 hoo
387 1530 420 1571 re
440 1512 510 1571 nihii
532 1510 655 1588 reperio,
674 1510 861 1588 quemobrem

188 1606 288 1665 lauder
301 1618 462 1685 tantopere,
476 1608 592 1686 Hegio:

70 1701 171 1760 Meum
194 1704 319 1762 officium
344 1704 438 1763 iaoio:
471 1705 548 1782 quod
567 1714 721 1782 peooetum
741 1722 759 1762 o
777 1703 862 1763 nobie

188 1809 282 1856 ortum
296 1801 341 1871 'et,
356 1801 479 1878 corrigo.

70 1895 137 1953 Nisi
152 1894 175 1952 si
189 1914 235 1953 me
249 1896 279 1953 in
293 1897 342 1953 illo
356 1897 504 1955 eredidisti
518 1916 581 1955 esse
594 1896 743 1955 hominum
763 1916 862 1955 nurne-

188 2009 229 2063 ro,
244 1991 293 2067 qui
308 1993 347 2049 ita
358 2005 469 2067 putent,

71 2087 134 2145 Sibi
148 2087 209 2144 fieri
225 2087 358 2163 injuriam
373 2088 458 2160 ultro,
480 2088 592 2164 siquem
612 2087 709 2149 iecere
728 2088 793 2165 ipsi,
814 2107 862 2146 ex·

186 2182 343 2258 postulent,

69 2278 109 2337 Et
123 2279 198 2337 ultro
213 2288 358 2336 aooueent.
398 2278 511 2355 [dpuia
523 2296 584 2338 non
596 2288 640 2337 eet
654 2297 672 2337 o
684 2296 732 2336 me
742 2277 861 2353 suorum,

189 2375 250 2453 agis
264 2375 395 2453 gratiosi
873 2385 891 2435 5

70 2470 127 2530 He.
149 2472 215 2530 Ah!
236 2472 373 2530 minime:
394 2490 540 2547 nunquam
555 2481 584 2529 te
607 2471 699 2545 aliter,
715 2482 799 2548 etque
818 2490 859 2547 eo,

188 2568 218 2626 in
233 2568 360 2626 animum
374 2567 473 2626 induxi
488 2586 592 2627 meum.

71 2663 129 2722 Sed
143 2683 248 2739 queso,
272 2675 303 2722 ut
324 2665 383 2722 unzi
405 2682 521 2723 meeum
546 2662 581 2721 ad
603 2677 721 2723 matrem
741 2665 861 2744 virginio

188 2778 246 2833 eas,
261 2758 363 2833 Micio,

71 2854 167 2931 Atque
182 2854 262 2915 ietaeo
283 2858 394 2930 eedem,
419 2875 484 2933 quoe
504 2856 576 2915 mihi
595 2857 678 2932 dixti,
697 2868 760 2919 tute
778 2858 861 2917 dicae

187 2951 317 3011 mulieri:
