2018 3316
106 183 160 253 ,2⁰
360 191 494 241 suumn
524 191 618 240 sar.
637 190 746 239 seme.

166 340 224 401 Cui
247 341 334 400 verba
356 341 425 399 dure
447 339 566 399 difficile
592 349 644 399 est.
685 338 816 409 Primum
836 336 898 416 js'm
922 336 959 397 de

285 455 381 495 umore
394 435 451 495 hoe
465 436 624 514 comperit:
638 474 641 479 .

166 531 218 591 Me
238 530 367 590 infensus
386 541 488 604 servat,
509 550 547 589 ne
566 549 652 608 quem
673 529 778 588 fanium
798 528 829 587 in
849 528 960 607 nuptiis

285 626 445 686 fullariam:
635 696 638 699 ,

167 724 200 784 si
221 723 350 796 senserit,
364 722 454 800 perii:
476 732 525 781 sut
544 721 569 781 si
589 722 712 781 lubitum
731 722 827 795 suerit,
841 740 960 782 esuum

285 819 405 897 ceperit,
466 894 469 899 ⁴

166 916 265 981 Quo
254 935 329 994 jure,
345 916 460 993 qudque
479 915 594 993 injurii,
607 915 785 994 precipitem
800 933 850 979 me
860 914 892 974 in
904 914 962 994 pis·

285 1013 393 1071 trinum
408 1012 496 1071 dabit

126 1113 155 1163 10
169 1110 217 1169 Ad
237 1109 300 1169 hnc
320 1109 396 1169 mula
414 1109 478 1175 hoe
485 1109 556 1168 mihi
571 1109 685 1191 secedit
697 1109 801 1168 etium:
823 1108 887 1168 hue
900 1108 963 1168 An·

287 1206 360 1281 driu,

169 1303 259 1363 Sive'
252 1313 308 1363 ista
320 1322 403 1376 uxor,
417 1302 477 1362 sire
493 1302 587 1362 umieu
599 1314 652 1376 est,
666 1303 816 1382 gravidae
828 1301 962 1381 Pamphi·

286 1400 316 1459 lo
330 1411 381 1461 est

169 1497 339 1575 Audireque
352 1517 452 1556 eorum
466 1507 510 1556 est
524 1497 756 1574 operaepretium
771 1495 939 1557 audacium:

170 1592 248 1652 Num
262 1593 390 1670 inceptio
405 1594 441 1651 'st
455 1592 622 1665 amentium,
637 1592 714 1651 haud
729 1582 895 1652 umentidm.

169 1688 323 1765 Quidquid
336 1688 505 1766 peperisset,
518 1689 708 1749 decreverunt
720 1688 830 1747 tollere.

127 1795 158 1846 15
171 1784 211 1844 Et
223 1785 336 1863 fingunt
349 1779 492 1862 quandum
506 1785 581 1844 inter
595 1804 626 1844 se
639 1803 719 1843 nune
733 1783 887 1858 sdlseinm,

172 1881 275 1942 Civem
294 1881 424 1940 Atticum
444 1901 507 1941 esse
525 1881 610 1942 hune
652 1881 750 1939 “Fuit
763 1880 833 1939 olim
844 1870 964 1959 ¹quidum

291 1997 389 2052 senex,
496 2018 500 2022 -

172 2075 337 2136 iderentur:
363 2093 465 2136 nerem
485 2075 512 2134 is
530 2074 617 2153 fregit
636 2075 712 2153 upud
731 2075 897 2134 Andrum'
888 2095 965 2134 msu-

290 2172 366 2231 lum:

51 2293 53 2297 ¹
172 2269 290 2329 Isobiit
300 2280 438 2329 mortem-z
460 2251 501 2327 ibi
514 2278 575 2327 tum
590 2264 802 2352 uaneejeetam
814 2268 965 2346 Chrysidis

173 2367 287 2426 Putrem
301 2366 455 2443 recepisse,
469 2365 579 2439 orbam,
592 2385 709 2443 parvam
721 2367 751 2423 :¹’
774 2364 895 2425 fabulas!

130 2473 161 2524 20
174 2460 250 2521 Mihi
270 2461 386 2538 quidem
408 2460 534 2544 (hercle)
555 2475 614 2521 uon
634 2462 666 2520 fit
684 2461 856 2534 verisimile3
887 2462 964 2539 atqui

292 2557 362 2634 ipris
375 2569 570 2617 commentum
583 2557 688 2635 plaeet.
799 2591 801 2596 ·
819 2583 821 2588 ·

175 2653 235 2714 Sed
254 2652 348 2731 Mysis
368 2654 404 2712 nb
416 2655 452 2713 ed
466 2655 620 2732 egreditur.
662 2655 703 2713 At
716 2673 771 2734 ego
785 2654 856 2713 hine
868 2674 916 2715 me
931 2654 965 2714 sd

292 2749 396 2823 sorum,
410 2760 442 2808 ut

176 2847 355 2910 Conveniam
374 2846 565 2925 Pamphilum,
580 2867 617 2908 ne
637 2849 674 2909 de
694 2850 749 2908 hae
768 2868 802 2908 re
819 2859 904 2927 pater
917 2848 966 2909 im·

294 2942 464 3023 prudentem
478 2944 630 3022 opprimas
