2032 3322
142 176 199 243 12!
346 190 500 239 apruna
528 191 592 238 ιω.
602 190 632 239 v.
651 186 761 237 ema

486 425 613 483 SCENA
630 424 665 481 Π.

365 577 486 635 Drouo.
521 577 630 636 Snus.
664 575 786 634 Druse.

221 732 280 793 Dr.
302 733 406 793 Heus!
429 734 511 811 Syre,
526 743 608 811 rogat
616 744 644 791 te
654 732 802 810 Ctesipho,
817 742 849 790 ut
863 731 975 791 redeas

299 830 352 908 Sy.
374 830 442 889 Abi.
516 882 519 887 .

181 926 238 985 De.
258 926 341 990 Quid
355 928 560 1004 Ctesiphonem
581 927 630 986 hie
649 927 765 985 narrati
805 924 857 1004 Sy.
880 924 976 984 Nihil.

298 1022 355 1083 De.
375 1023 451 1097 Eho,
466 1023 613 1097 carnutes,

182 1119 236 1179 Est
259 1119 397 1199 Ctesipho
421 1120 518 1179 intus!
566 1120 619 1198 Sy.
641 1118 709 1180 Non
736 1130 788 1178 est.
829 1118 889 1178 De.
911 1120 978 1180 Car

299 1216 348 1276 hie
361 1218 513 1276 nominat?

182 1314 234 1391 Sy.
255 1312 309 1373 Est
323 1314 395 1373 elius
408 1314 534 1392 quidam,
549 1313 729 1390 parasitaster
743 1311 894 1388 parvolus:

151 1408 321 1470 aNestin’r
360 1408 417 1468 De.
438 1410 503 1469 Jam
518 1410 608 1468 scibo.
649 1408 701 1486 Sy.
720 1407 896 1487 Quidagist
915 1428 977 1487 quo

301 1508 381 1566 abisi
422 1507 478 1565 De.
500 1506 587 1565 Mitte
601 1525 656 1564 me.

182 1600 234 1678 Sy.
256 1600 336 1674 Noli,
358 1602 482 1677 inquam.
524 1600 580 1659 De.
600 1599 670 1659 Non
694 1619 810 1659 manum
835 1600 976 1674 abstines,

299 1698 454 1775 mastigia?

182 1794 231 1851 An
244 1793 297 1851 tibi
314 1793 373 1870 jam
387 1794 477 1851 mavis
490 1794 640 1851 cerebrum
660 1793 786 1873 dispergi
805 1792 877 1854 hiet
917 1794 975 1872 Sy.

299 1889 380 1947 Abit.

182 1984 306 2062 AEdepol
321 1985 627 2046 eomissatorem·haud
640 2008 710 2046 sane
724 1988 920 2062 commodum,

181 2080 340 2141 Praesertim
355 2082 531 2159 Ctesiphoni.
571 2084 653 2147 Quid
667 2103 722 2167 ego
736 2104 814 2143 nune
829 2086 933 2162 agam?

138 2179 168 2231 1⁰
180 2177 258 2253 Nisi,
269 2179 337 2239 dum
351 2181 394 2238 hre
405 2180 542 2240 silescunt
555 2182 655 2250 turbe,
667 2182 776 2240 interea
789 2181 819 2239 in
834 2180 974 2260 angulum

181 2276 289 2355 Aliquo
303 2278 413 2351 abeam,
428 2288 512 2354 atque
526 2278 716 2336 edormiscam
736 2277 793 2336 hoe
807 2277 876 2338 villi.
918 2278 974 2339 sto

299 2393 390 2453 agam.
