2018 3316
279 166 432 215 mmm
461 168 524 215 Aer.
534 168 563 215 V.
583 168 661 218 scu.
671 170 694 217 ἃ
865 160 923 219 12⁹

388 402 513 460 sanA
529 403 578 459 ΙΙΙ.

351 552 455 612 Mrem.
490 553 613 613 Demer.

127 709 181 769 lsi.
202 710 330 768 Perire
346 711 460 769 anobis
473 721 550 783 eunt,
565 721 596 769 ut
610 710 680 784 dixi,
695 712 834 784 Sostrata,

90 804 144 867 Ubi
165 807 218 865 vie.
261 807 408 871 Quisnam
431 825 518 865 ame
541 807 651 885 pepulit
672 817 730 866 tam
753 808 877 887 graviter

204 902 300 962 soree?

89 998 141 1059 De.
162 998 223 1058 Hei
244 999 330 1058 mihi!
351 999 420 1077 quid
441 999 569 1059 faeiem?
589 999 658 1077 quid
682 1002 788 1079 egam?
807 1000 876 1081 quid

202 1095 335 1169 clamem,
350 1106 398 1154 eut
412 1097 534 1172 quereri

88 1191 261 1251 Demium!
296 1210 314 1250 ο
341 1193 433 1251 terre!
468 1192 603 1252 omerie
627 1190 778 1269 Neptuni!
818 1192 866 1252 m·

203 1288 280 1347 Hem
294 1288 366 1348 tibii

88 1384 219 1445 Rescivit
232 1403 346 1443 omnem
360 1403 420 1442 rem
432 1404 439 1455 ;
462 1384 491 1442 id
505 1403 583 1442 nune
595 1384 700 1444 elamat
713 1384 841 1442 scilieet:
889 1384 906 1433 5

87 1482 197 1541 Peretm
222 1481 304 1540 lites:
338 1481 565 1540 succurrendum
592 1482 637 1539 'et
683 1481 740 1540 De.
762 1480 875 1540 Eeeum

203 1578 282 1637 adest

87 1673 256 1733 Communis
268 1673 432 1751 eorruptela
444 1673 574 1733 noetrrim
587 1672 718 1733 Iiberrim.

86 1768 141 1829 m.
161 1769 296 1829 Tandem
319 1770 441 1847 reprime
465 1770 656 1843 iracundiam,
678 1780 763 1847 atque
785 1769 821 1830 ad
844 1778 875 1830 te

202 1866 272 1925 redi.

86 1961 141 2021 De.
162 1940 310 2038 Represei,
325 1962 417 2019 redii:
438 1961 520 2020 mitto
534 1961 688 2020 meledicta
700 1963 814 2021 omnia:

85 2057 161 2116 Rem
176 2057 265 2134 ipsam
279 2069 420 2134 putemus.
454 2057 574 2116 Dictum
588 2058 644 2116 hoe
659 2058 732 2116 inter
746 2058 873 2132 nonfuit,
890 2068 921 2118 10

85 2154 144 2231 [Ex
157 2164 187 2212 te
201 2154 272 2213 adeo
285 2165 328 2212 est
341 2154 449 2233 ortum)
464 2172 500 2211 ne
514 2163 545 2211 tu
559 2173 676 2212 curares
689 2173 795 2226 meum,

85 2249 166 2308 Neve
176 2269 231 2327 ego
242 2251 343 2309 tuumi
364 2249 513 2325 responde.
547 2249 601 2307 Mi.
623 2249 745 2307 Factum
756 2251 801 2321 'et‚
814 2267 873 2306 non

200 2366 285 2424 nego.

84 2442 139 2502 De.
161 2441 222 2499 Cur
235 2462 314 2500 nune
329 2441 402 2518 apud
416 2453 445 2499 te
453 2443 555 2518 potati
575 2441 742 2518 eurreeipie
757 2444 873 2502 meumi

84 2539 144 2598 Cur
157 2538 230 2597 emis
244 2539 377 2610 amicam,
392 2538 505 2597 Micioi
526 2556 593 2595 nem
607 2536 655 2613 qui
670 2538 766 2596 minus

84 2635 158 2695 Mihi
173 2635 248 2693 idem
260 2635 308 2712 jus
321 2654 434 2712 equum
448 2635 484 2692 ’et
505 2652 579 2708 esee,
602 2634 679 2710 quod
702 2653 816 2694 meeum
837 2637 874 2695 'et

199 2731 275 2789 tibir
888 2735 919 2784 15

83 2826 210 2893 anantio
223 2846 280 2906 ego
292 2836 374 2886 tuum
387 2846 446 2885 non
460 2845 540 2899 euro,
554 2845 592 2885 ne
606 2845 677 2885 eure
690 2846 793 2887 meum.
