2018 3316
136 166 176 225 04
377 179 514 245 ιιιιιιιιι.Ι
541 186 602 227 ici.
613 181 641 227 v.
661 182 769 246 scm

181 324 242 382 Da.
266 324 320 382 Ubi
347 327 434 399 voles,
463 346 583 386 arcesse.
637 329 680 387 si.
709 329 790 388 Bene
815 351 904 390 sane:
938 332 973 393 id

297 422 442 480 enimvero
457 424 617 483 hinenune
631 426 718 484 abest.

181 516 320 588 Etiam‘tu
340 518 396 575 hoc
423 521 598 595 respondesi
630 520 698 596 quid
718 521 784 579 istic
805 522 859 581 tibi
879 542 973 603 nego-

299 615 332 672 tii
346 616 402 672 'sti
443 615 505 675 Da.
527 615 653 685 Mihiu’i

179 709 222 768 Si.
244 709 297 768 Ita.
343 711 405 769 Da.
429 711 560 770 Mihinei
608 713 651 771 si.
673 713 744 771 Tibi
772 733 851 792 ergo.
902 716 966 777 Da.

181 810 190 829 ‘
296 806 407 864 Modo'
400 808 505 866 introii.
547 809 590 867 Si.
611 808 707 871 Quasi
721 827 786 887 ego,
807 830 895 889 quem
915 812 967 872 du·

297 904 365 961 dum
368 923 497 982 ‚.r0gem

182 999 239 1058 Da
261 999 335 1059 Cum
360 1009 410 1058 tuo
434 1010 521 1077 gnato
544 1001 611 1059 und.
653 1001 697 1059 Si.
718 1002 837 1060 Anne'
839 1013 867 1062 st
887 1003 965 1063 intus

295 1096 480 1173 Pamphilus?
501 1096 615 1155 crucior
629 1097 722 1156 miser.

132 1207 162 1256 ιο
177 1172 259 1250 Eho!
282 1212 340 1249 non
354 1202 385 1250 tu
399 1190 469 1250 dixti
483 1211 545 1251 esse
560 1193 633 1250 inter
647 1212 697 1251 eos
711 1192 889 1273 inimicitias,
903 1214 964 1254 eur·

294 1288 400 1346 nufex?

176 1383 237 1443 Da.
260 1386 342 1444 Sunt.
384 1385 427 1443 si.
450 1385 532 1443 Cur
524 1385 610 1462 igitur
631 1385 680 1444 hie
702 1387 764 1445 esti
807 1386 858 1446 C'd.
879 1386 962 1450 Quid

293 1481 373 1539 illum
388 1483 511 1540 censes?
532 1500 598 1539 oum
613 1480 662 1539 illd
676 1481 777 1559 litigat.

175 1575 236 1636 Da.
257 1577 350 1635 Immo
361 1597 427 1636 vero
442 1577 601 1656 indignum,
613 1577 784 1637 Chremes
753 1596 833 1656 ,Jam
847 1578 961 1638 facium

291 1673 356 1730 saxo
369 1692 405 1731 ex
418 1692 464 1731 me
479 1672 587 1732 audias.

174 1767 283 1827 Nescio
297 1768 346 1845 qui
359 1788 447 1827 senex
460 1766 546 1827 modo
564 1768 660 1842 venit3
681 1768 778 1841 ellum,
798 1769 960 1843 confidens,

292 1874 381 1924 catus.

128 1979 158 2028 15
173 1959 249 2019 Cum
282 1958 385 2018 faciem
425 1960 531 2033 videas,
564 1960 677 2020 videtur
714 1979 777 2019 esre
815 1961 968 2037 quandiiu-

290 2056 383 2133 pretii.

171 2151 278 2210 Tristis
291 2152 426 2211 severitas
450 2151 523 2210 inest
547 2152 577 2209 in
599 2151 686 2225 voitu,
710 2162 793 2228 atque
813 2151 846 2211 in
865 2151 960 2212 verbis

289 2248 367 2307 fides.

172 2343 214 2401 Si.
234 2343 384 2406 Quidnam
413 2344 565 2420 apportas?
615 2343 677 2400 Da.
704 2322 787 2403 Nihil
814 2344 957 2419 equidem,

287 2440 343 2496 nisi
357 2441 433 2515 quod
448 2440 528 2496 illum
543 2439 636 2496 audivi
651 2439 756 2498 dicere.

171 2533 214 2592 si.
234 2534 316 2597 Quid
331 2536 370 2592 ait
382 2534 520 2593 tandemi
560 2534 622 2593 Da.
643 2535 811 2623 Glycerium
829 2554 864 2594 se
883 2534 957 2593 scire

288 2630 379 2688 civem
394 2650 456 2697 esse
472 2631 608 2688 Atticam.

169 2725 212 2783 Si.
235 2725 330 2784 Hem!
361 2726 490 2784 Dromo!
521 2726 649 2783 Dromo!
704 2726 765 2785 Da.
786 2726 872 2789 Quid
891 2726 953 2785 esti

287 2822 330 2898 Si.
352 2822 477 2903 Dromo!
499 2822 561 2880 Da.
584 2821 670 2881 Audi.
713 2822 757 2881 Si.
779 2822 909 2881 Verbum
928 2820 950 2881 ui

285 2917 428 2976 addideris
448 2959 571 2977 .....
594 2918 720 2976 Dromo!
758 2990 761 2998 Ι
