2032 3322
235 225 387 273 anetina
416 228 478 272 scr.
489 226 532 273 nr
550 226 661 273 sonae
828 215 884 277 105

57 375 188 434 Tribulis
201 377 320 434 nosterl
359 375 392 433 Si
416 375 485 433 satis
508 393 606 446 cerno,
630 374 655 432 is
678 373 774 433 hercle
788 376 839 432 ’stt

173 471 247 531 vali!
854 473 885 524 ὤ

59 570 154 629 Homo
169 570 277 628 amicus
289 569 373 627 nobis
383 569 442 646 jam
456 569 523 626 inde
534 588 551 626 a
559 587 657 644 puero.
691 567 741 626 Dii
754 569 837 628 boni!

58 666 113 724 Nae
127 665 279 724 illiusmodi
291 665 350 742 jam
363 665 446 723 nobis
459 684 563 742 magna
576 665 681 725 civium

59 762 182 821 Penuria
195 765 246 821 ’st:
268 762 354 820 homo
369 761 483 837 antiqud
498 761 610 834 virtute,
626 782 659 820 ae
672 762 746 821 lide:

59 859 145 917 Haud
161 860 218 917 oito
232 859 298 917 mali
313 858 381 932 quid
395 868 536 925 ortumex
549 859 605 916 hoe
619 859 655 916 sit
666 859 790 935 publioe.

58 956 155 1018 Quam
170 955 291 1032 gaudeo,
307 954 355 1012 ubi
369 954 454 1011 etiam
469 954 552 1031 liujus
565 955 679 1032 generis
692 956 825 1032 reliquias
853 963 884 1014 90

59 1051 182 1109 Restare
194 1051 278 1108 rideo
290 1051 296 1107 l
337 1050 420 1108 Vah!
442 1050 535 1108 virere
547 1051 635 1109 etiam
648 1070 727 1109 nuno
740 1050 826 1111 lubet.

19 1146 21 1150 ’
59 1147 203 1225 Opperiar
217 1146 363 1204 hominem
378 1144 435 1219 hio,
450 1156 481 1204 ut
495 1147 628 1220 salutem,·
639 1157 668 1206 et
681 1147 835 1225 oolloquar.

294 1366 297 1373 ⁴
356 1396 478 1452 scens
495 1397 542 1452 iv.

149 1548 258 1608 Hesio.
292 1548 388 1606 Gaas.
423 1547 544 1607 Deiras.
578 1547 745 1607 Psineuris.

97 1706 153 1765 He.
174 1705 237 1764 Pno
261 1705 300 1764 Dt
325 1705 515 1765 immortales!
547 1705 658 1764 facinus
678 1704 836 1785 indignum,

174 1804 265 1862 Getal

56 1898 139 1962 Quid
165 1901 280 1957 narras!
331 1899 381 1957 Ge.
405 1900 455 1958 Sie
481 1909 524 1958 est
550 1899 665 1960 laetum.
715 1899 772 1959 He.
793 1899 838 1958 Ex

175 1994 251 2052 illan*
267 1995 373 2068 familiai
396 2064 399 2069 .

57 2090 133 2148 'l'am
148 2091 285 2148 illiberale
299 2091 409 2148 facinus
422 2109 484 2149 esse
493 2094 608 2151 ortum?
647 2091 676 2150 Ο
687 2084 835 2162 AEsohine‚

57 2186 108 2246 Pol
123 2186 199 2244 haud
211 2196 360 2262 paternum
375 2185 449 2243 istuc
462 2187 574 2246 dedisti.
614 2188 671 2246 De.
693 2186 837 2246 Videlioet

57 2282 102 2339 De
116 2281 233 2358 psaltrid
246 2280 300 2338 hae
316 2280 439 2338 audivit:
461 2281 489 2338 id
504 2281 544 2339 illi
558 2301 637 2340 nuno
650 2281 727 2339 dolet
851 2295 867 2343 5

57 2377 179 2435 Alieno:
200 2386 280 2453 pater
295 2377 318 2434 is
332 2376 414 2434 nihili
427 2377 533 2453 pendit.
574 2376 632 2434 Hei
646 2377 731 2436 mihi!

58 2473 172 2531 Utinam
186 2472 234 2531 hie
247 2493 335 2550 prope
356 2473 466 2531 adesset
488 2473 602 2547 alieubi,
623 2485 706 2551 atque
727 2476 836 2535 audiret

172 2570 252 2628 haro!

59 2663 115 2722 He.
136 2663 202 2722 Nisi
216 2665 329 2740 facient,
346 2684 408 2741 quae
423 2665 486 2724 illos
500 2685 611 2741 aequom
631 2667 675 2739 ’st,
697 2667 772 2726 haud
792 2669 834 2728 sio

175 2761 309 2821 auferent.

52 2857 110 2954 Ge.
131 2857 166 2917 ln
180 2868 208 2916 te
222 2878 285 2936 spes
298 2860 399 2934 omnis,
415 2860 520 2939 Hegio,
534 2814 617 2919 noliis
630 2861 685 2921 sita
698 2874 748 2922 eat„
