2032 3322
286 284 441 333 nouum.
469 284 585 333 noenu.
603 284 714 333 scm
880 274 938 337 11³

101 430 234 493 Produxe
260 432 382 493 uiebnei
429 434 484 512 Sy.
511 432 655 493 Enetum:
688 452 788 493 verum
813 432 893 495 veuit

79 584 82 591 .
216 540 281 607 post
295 531 459 590 insaniens:

100 624 182 685 Nihil
190 626 328 704 pepercit.
362 625 892 705 Nonpuduisneverbernrehominem

218 742 327 797 senem,

99 818 198 883 Quem
212 839 268 899 ego
288 820 375 880 modo
396 836 518 897 puerum
539 820 681 879 tantillum
705 820 736 881 in
759 820 893 881 munibus

218 917 329 996 gestavi
342 916 435 977 meisi

100 1012 157 1073 De.
179 1013 291 1086 Laudo,
312 1013 470 1090 Ctesipho:
497 1013 652 1091 petrissae:
673 1014 731 1089 nbi,
751 1014 843 1073 virum
863 1023 893 1072 te

217 1110 328 1187 jndioo.
906 1111 940 1161 ὕ

102 1204 154 1282 Sy.
185 1204 321 1263 Laudas?
353 1224 408 1279 nae,
442 1204 491 1265 ille
517 1206 679 1265 continebit
703 1204 835 1285 posthae,
868 1204 893 1265 ni

220 1302 322 1379 sapiet,
335 1320 447 1361 manus.

107 1398 158 1457 De.
190 1398 324 1457 Fortiter.
379 1398 430 1476 Sy.
461 1398 623 1475 Perqunini
657 1397 727 1475 quin
759 1396 894 1457 miserum

218 1495 379 1568 mulierem,
393 1504 423 1553 et
435 1512 482 1553 me
495 1495 649 1568 servolum,

100 1590 164 1655 Qui
190 1590 308 1650 referire
333 1609 393 1650 nou
421 1590 572 1664 audebam,
598 1590 692 1651 uiuit:
724 1588 798 1649 huit
831 1606 895 1667 per·

220 1687 348 1746 sortiter!

103 1784 160 1843 De.
181 1782 251 1841 Non
264 1783 359 1859 potuit
372 1783 491 1843 melius:
518 1782 607 1856 idem,
620 1782 698 1861 quod
719 1800 786 1863 ogo,
796 1781 895 1856 sentit,

219 1889 248 1936 te
263 1898 325 1937 esse
338 1880 408 1937 huie
421 1880 463 1938 rei
478 1890 573 1956 eaput.

102 1976 163 2036 Sed
176 1986 257 2034 estne
270 1976 356 2034 frater
369 1976 469 2036 intuo?
509 1978 561 2055 Sy.
582 1976 653 2037 Non
665 1988 718 2037 est.
758 1976 817 2036 De.
837 1974 896 2037 Ubi

221 2072 301 2130 illum
316 2092 450 2149 quierem,
465 2072 572 2153 cogito.
910 2076 942 2128 ³⁰

104 2171 158 2249 sy.
181 2170 252 2228 Soio
275 2168 401 2228 ubisit:
422 2187 521 2227 verum
542 2169 629 2227 hodie
648 2184 797 2243 nunquam
815 2185 896 2226 mon·

220 2267 325 2325 strabo.
366 2264 423 2323 De.
444 2264 539 2322 Hemi
569 2264 638 2342 quid
662 2264 727 2323 nini
767 2262 820 2341 Sy.
841 2261 895 2323 Itu.

102 2365 161 2427 De.
182 2363 369 2422 Diminuetur
381 2360 436 2419 tibi
449 2360 565 2437 quidem
575 2360 637 2439 jam
650 2360 810 2419 cerebrum.
841 2360 894 2439 Sy.

220 2460 262 2518 At
274 2477 382 2517 nomen
394 2456 495 2516 nescio

103 2556 186 2618 nlius
199 2556 340 2628 hominin3
371 2554 422 2613 ned
445 2554 544 2613 lunum
567 2553 645 2626 novi,
669 2552 787 2613 ubisit
837 2552 894 2613 Du.

221 2655 279 2713 Dio
293 2672 363 2733 ergo
375 2652 483 2711 loonm.

104 2753 158 2831 sq.
179 2749 295 2810 Nostin'
308 2748 464 2826 porticum,
479 2748 554 2825 npud
568 2746 732 2821 macellum,
752 2746 829 2807 hnuu
849 2746 897 2807 do·

224 2847 341 2905 ornum?
380 2846 439 2905 De.
459 2844 574 2909 Quidni
587 2844 739 2905 noverim?

105 2946 159 3025 Sy.
179 2942 330 3005 Preterito
341 2941 399 3001 huo
417 2942 499 3001 renti
517 2940 614 3019 plutei
636 2960 769 3003 sunum:
789 2938 841 2999 ubi
860 2954 897 3001 00

225 3038 347 3114 veneris,
931 3036 983 3083 ‘⁸-

343 3136 411 3199 1⁰·
