2032 3322
260 208 412 256 annuam.
441 210 503 256 nov.
514 206 557 255 un
576 206 684 255 enne
862 196 903 257 97

77 351 157 414 Nihil
171 367 214 414 est
228 356 303 433 quod
317 357 424 430 malim,
439 375 524 433 qnam
535 354 612 414 illam
622 365 711 414 totam
722 353 857 413 familiam

192 454 261 512 mihi
274 454 336 512 dari
349 454 472 526 obviarn,
532 472 534 477 ·

78 548 114 608 Ut
128 568 182 627 ego
196 550 266 608 iram
281 551 356 609 hano
370 551 399 608 in
420 569 469 608 eos
488 567 617 608 evomam
640 566 765 621 omnem,
786 547 855 606 dum

192 647 330 724 agritudo
343 647 406 704 heo
418 655 461 704 est
475 663 583 705 reeens.

75 742 152 800 Satis
165 743 235 800 mihi
250 743 277 800 id
293 743 413 801 habeam
421 742 563 820 supplicii,
574 741 642 798 durn
656 740 721 798 illoe
734 740 857 799 uleiaoar

192 839 284 898 modo.
461 888 464 893 .
873 845 904 895 15

76 934 146 992 Seni
161 935 284 992 animam
297 935 421 1007 primurn
434 933 643 1012 exstinguerem
654 933 775 1011 ipai,qui
787 933 855 991 illud

190 1031 324 1107 produxit
337 1031 448 1089 scelus:
845 1048 849 1053 ·

74 1126 153 1184 Turn
181 1138 274 1185 autem
302 1128 404 1203 Syrum
432 1117 624 1203 impulsorem,
650 1126 720 1185 vah!
755 1126 858 1211 quibua

193 1223 272 1280 illurn
286 1223 440 1282 lacerarem
455 1222 564 1283 modio!

75 1317 233 1376 Sublimem
248 1319 372 1376 medium
388 1319 549 1395 arriperem,
569 1329 597 1377 et
618 1319 712 1395 capite
733 1319 856 1396 primum

193 1417 221 1473 in
235 1426 338 1473 terram
353 1426 515 1488 statuerem,
543 1458 545 1465 ,
592 1446 594 1451 ·

78 1511 113 1569 Ut
128 1510 245 1570 cerebro
259 1513 403 1590 dispergat
416 1513 499 1571 riam.

75 1608 283 1667 Adolescenti
276 1609 329 1687 rpai
343 1610 482 1687 eriperem
495 1608 611 1668 oeulos:
631 1619 694 1686 post
714 1609 777 1668 haee
789 1627 859 1686 prn-

192 1706 307 1783 oipitem
322 1707 585 1765 darem..
872 1723 904 1772 w

75 1799 196 1858 Ceteros
208 1820 330 1873 ruerem
347 1821 469 1880 agerem,
490 1820 628 1880 raperem,
648 1756 809 1874 tunderem,
829 1813 859 1862 et

192 1910 408 1973 prosternerem.
554 1942 557 1947 -

75 1990 134 2049 Sed
156 2009 239 2050 oesao
264 1993 361 2050 heram
388 1994 443 2051 hoo
464 1994 568 2052 maio
561 1952 700 2072 impertiri
718 1996 858 2073 propere!

193 2088 238 2146 So.
261 2089 450 2148 Revocemus
491 2091 583 2151 Geta!
662 2108 665 2125 ²

77 2183 128 2242 Ge.
150 2183 243 2242 Hem!
264 2177 392 2260 quiaquia
409 2204 450 2257 es,
471 2185 533 2243 eine
546 2205 600 2244 me.
641 2186 689 2243 So.
711 2185 775 2263 Ego
795 2204 857 2242 sum

193 2281 329 2337 Sostrata.
373 2279 424 2338 Ge.
452 2279 569 2338 Ubi'ea
595 2282 660 2338 est?
700 2279 747 2338 Te
768 2280 857 2356 ipsam

191 2375 328 2453 querito:
730 2392 733 2399 ·

74 2473 121 2532 Te
134 2485 283 2549 exspecto:
304 2473 409 2550 oppido
423 2484 583 2550 opportune
595 2482 625 2533 te
639 2473 767 2531 obtulisti
788 2472 857 2532 mihi

190 2571 312 2643 obviam,
351 2600 380 2613 ·-

76 2665 162 2725 Hera
203 2667 250 2725 So
271 2666 352 2730 Quid
367 2668 431 2724 esti
457 2666 526 2743 quid
539 2614 683 2743 trepidae?
725 2667 776 2726 Ge.
799 2667 857 2726 Hei

190 2764 278 2821 mihi!
318 2765 365 2822 So.
386 2764 467 2827 Quid
483 2763 608 2837 festinae,
623 2764 772 2823 miGetai
842 2777 903 2828 td

78 2858 209 2918 Animam
223 2860 327 2936 recipe
371 2859 422 2919 Gr.
443 2859 563 2919 Proraua
583 2902 591 2918 .
612 2902 620 2918 .
640 2903 648 2919 .
670 2901 678 2917 .
699 2859 747 2919 So.
774 2859 856 2923 Quid

190 2953 264 3013 intuo
278 2960 422 3033 “prorsus
432 2957 449 2984 ”
464 2973 533 3036 ergo
547 2957 591 3014 'et
634 2955 686 3016 Ge.
706 2954 855 3016 Perimue!

226 3074 243 3112 r
337 3052 359 3113 ⁹
