2018 3316
139 258 197 317 11⁰
370 270 523 316 susurru.
552 271 615 317 Aca.
627 270 668 315 iv.
687 270 765 315 Scan.
776 271 796 316 1.

183 414 268 474 Prius
294 436 353 475 nou
381 418 568 495 oppressisset
595 418 666 491 illic,
686 437 773 495 quam
793 418 853 477 huo
872 418 977 477 revorti

299 524 397 590 posset
410 523 521 573 iterum.

136 618 167 668 10
183 608 273 667 Nune
287 610 337 667 ubi
347 630 394 668 me
408 610 467 669 illie
481 630 540 668 non
554 610 672 683 videbit,
684 611 743 687 jam
756 612 816 669 hue
836 621 975 686 recurret,

301 717 345 763 sat
358 706 429 765 scio.

183 801 336 880 Rogitabit
351 822 407 875 me,
421 803 471 861 ubi
486 803 608 875 suerim;
631 822 715 879 quem
731 822 785 882 ego
805 803 896 862 hodie
915 814 976 863 toto

299 918 358 957 non
373 899 431 957 vidi
446 900 501 958 die.

180 994 263 1057 Quid
278 996 395 1054 dieaml
436 996 488 1073 Sy.
510 995 631 1054 Nihilne
652 996 682 1054 in
706 1007 861 1054 mentem.
884 1042 891 1055 .
913 1038 921 1053 .
942 998 975 1055 .l

302 1091 347 1151 Or.
378 1090 537 1168 Nunquam
571 1092 736 1168 quidquam.
790 1092 844 1168 Sy.
876 1091 974 1150 'Panto

298 1188 429 1265 nequior.

181 1284 291 1359 Cliens,
320 1285 441 1358 amicus,
468 1285 581 1361 hospes,
604 1303 691 1343 nemo
713 1285 750 1341 ’st
771 1284 875 1343 vobisl
926 1285 971 1344 Ol.

298 1383 391 1441 Sunt:
412 1382 481 1458 quid
495 1383 616 1459 posteal

178 1479 232 1556 Sy.
252 1478 344 1537 Hisce
357 1498 446 1556 opera
458 1490 490 1537 ut
503 1479 571 1537 data
583 1478 628 1536 sit.
672 1478 717 1537 Ol.
738 1478 815 1541 Quoe
830 1497 891 1537 non
907 1479 973 1538 data

296 1576 354 1635 sitt
375 1595 434 1634 non
445 1585 540 1652 potest
552 1575 623 1633 lieri.
664 1576 718 1652 Sy.
739 1576 845 1634 Potest.

133 1678 163 1727 15
180 1670 226 1730 Gt.
247 1670 394 1731 Interdiu:
415 1672 465 1729 sed
490 1672 514 1729 si
539 1671 589 1730 hio
613 1681 764 1749 pernocte.
786 1690 882 1731 causae
903 1670 971 1749 quid

296 1768 402 1841 diuam,
418 1769 511 1845 Syrel

177 1864 230 1942 Sy.
252 1864 336 1923 Vah!
358 1884 444 1941 quam
458 1865 560 1923 vellem
575 1866 661 1924 etiam
675 1875 765 1924 noctu
779 1865 882 1924 amieis
906 1884 972 1943 ope·

296 1980 357 2019 ram
371 1981 433 2020 mos
446 1974 521 2021 esset
536 1963 606 2021 dari.

176 2057 260 2121 Quin
274 2068 306 2116 tu
326 2058 435 2116 otiosus
458 2078 508 2117 es:
538 2078 593 2136 ego
618 2058 694 2115 illius
714 2077 832 2116 sensum
850 2057 970 2135 pulchre

296 2155 397 2214 calleo.

178 2250 254 2311 Cum
269 2251 351 2310 fervit
365 2270 507 2324 maxume,
532 2262 591 2309 tam
613 2250 761 2327 placidum
781 2268 868 2326 quam
888 2268 969 2309 ovem

295 2348 393 2423 reddo.
439 2346 484 2406 Gt.
505 2347 701 2410 Quomodo?

94 2458 100 2471 ·
177 2442 230 2519 Sy.
252 2441 411 2500 Laudarier
434 2452 463 2500 te
478 2442 557 2500 audit
576 2441 717 2499 libenter:
738 2440 815 2499 saoio
834 2451 864 2499 te
895 2439 968 2518 opud

119 2607 124 2618 Α
296 2539 377 2597 illum
391 2539 508 2596 Deum:
845 2522 855 2547 '¹

119 2644 162 2695 Ἃ
177 2634 307 2695 Virtutes
317 2653 411 2693 narro.
455 2634 502 2693 ἃ.
524 2634 629 2692 Meas?
670 2634 722 2711 sy.
744 2632 844 2692 Tuus:
859 2630 994 2692 homini

294 2731 374 2790 illioo
386 2731 520 2808 laerymoe
534 2731 651 2804 eadunt,

174 2828 271 2894 Quasi
294 2848 395 2906 puero,
419 2828 534 2907 gaudio.
576 2828 654 2886 Hem
677 2828 730 2886 tibi
755 2830 870 2887 auteml
920 2826 975 2886 Ot-

292 2926 443 2989 Quidnam
457 2924 520 2984 ¹estl
561 2925 614 3003 Sy.
636 2924 736 3003 Lupus
749 2924 781 2985 in
795 2925 901 2985 sabuli.
