2032 3322
131 179 202 243 'm
374 190 528 241 sunnam.
557 193 619 239 Aer.
629 190 658 237 V.
677 190 786 238 scant.

187 340 241 400 Mi.
263 339 331 400 Non
345 361 456 418 equum
471 341 560 413 dicis;
582 361 656 401 non:
677 360 743 399 nam
758 349 839 398 vetus
859 340 978 399 verbum

305 438 360 497 hoe
374 439 489 515 quidem
503 449 556 512 est,

187 535 362 593 Communia
375 555 437 594 esse
452 536 610 594 amicorum
625 535 699 595 inter
713 555 744 592 se
758 535 863 594 omnia.

187 631 243 691 De.
264 631 371 690 Facete
383 632 390 690 Ι
411 651 490 689 nunc
503 632 618 690 demum
633 633 712 690 istaec
721 642 788 690 nata
801 632 896 690 oratio
907 645 961 693 est.

142 728 173 778 m
186 727 240 786 Mi.
262 727 405 787 Ausculta
418 729 527 806 paucis,
543 728 599 789 nisi
612 729 762 787 molestum
777 738 830 802 est,
855 728 980 791 Demea.

185 824 344 901 Principio,
359 825 383 882 si
398 824 432 882 id.
441 835 470 883 te
484 824 603 897 mordet,
619 835 743 884 sumtum
758 825 809 883 filii

185 919 284 983 Quem
298 921 417 994 iaciunt,
431 941 526 998 quaeao
540 921 628 981 facito
643 922 705 980 hec
718 932 815 980 tecum
829 921 962 1000 cogites:

184 1014 235 1075 Tu
250 1017 315 1076 'dios
328 1018 400 1077 duos
410 1018 479 1076 oiim
493 1037 545 1095 pro
558 1026 591 1077 're
604 1019 725 1078 tollebas
739 1019 798 1091 tud,

185 1112 276 1176 Quod
290 1113 359 1171 satis
372 1114 492 1192 putabas
505 1126 555 1172 tua
569 1115 645 1173 bona
659 1115 797 1173 ambobus
812 1113 884 1187 iore,

140 1215 173 1265 ὅ
187 1206 226 1267 Et
239 1228 285 1268 me
299 1219 358 1268 tum
372 1229 490 1270 uxorem
504 1210 662 1283 credidisti,
676 1210 798 1283 scilicet,

191 1306 372 1366 Ducturum:
403 1307 525 1366 eandem
557 1307 633 1367 illam
661 1307 800 1366 rationem
829 1309 982 1387 antiquam

303 1403 420 1462 obtine:

185 1499 343 1574 Camena,
356 1518 462 1578 quere,
476 1519 582 1578 parce:
603 1501 649 1560 sac
662 1520 747 1578 quam
761 1500 917 1579 plurimum

185 1596 248 1655 Illis
261 1597 423 1674 relinquas:
444 1597 563 1676 gloriam
578 1609 608 1655 tu
623 1598 706 1656 istam
720 1599 826 1658 obtine.

186 1690 265 1766 Mea,
279 1712 342 1769 quae
355 1704 457 1771 praeter
472 1712 550 1770 spem
565 1693 697 1767 evendere,
712 1705 828 1754 utantur
841 1696 914 1757 sine.

140 1800 172 1852 ιο
183 1788 232 1846 ·I)e
245 1789 357 1847 summi
369 1789 442 1852 nihii
457 1788 594 1849 decedet:
615 1792 691 1868 quod
706 1791 775 1851 hinc
789 1795 958 1870 accesserit,

185 1884 218 1942 Id
234 1884 270 1943 de
282 1884 363 1945 lucro
376 1896 474 1963 putato
488 1905 551 1946 esse
562 1907 657 1947 omne.
699 1888 772 1948 Haec
785 1889 810 1948 si
824 1890 904 1950 voles

184 1981 220 2040 ln
236 1981 333 2040 animo
345 2000 411 2040 vere
425 1983 563 2061 cogitare,
578 1984 698 2058 Demea,
740 2038 743 2043 ,

184 2078 223 2139 Et
237 2078 318 2152 mihi,
332 2089 361 2137 et
374 2079 436 2151 tibi,
451 2090 480 2138 et
494 2079 550 2138 illis
563 2080 701 2140 demseris
714 2082 882 2143 molestiam.

189 2175 240 2236 Do.
263 2174 350 2234 Mitto
363 2194 443 2235 rem:
466 2178 706 2237 consuetudinem
726 2179 852 2256 ipsorum
878 2225 884 2239 .
907 2227 913 2240 .
936 2228 944 2242 .
967 2227 976 2243 .

301 2272 356 2332 Mi.
377 2271 484 2332 Mane:

138 2376 169 2426 35
184 2370 273 2429 Seio:
295 2371 369 2429 istuc
383 2371 467 2429 ibam.
509 2369 603 2430 Multa
617 2372 647 2430 in
662 2372 787 2446 homine,
801 2372 922 2449 Demea,

184 2466 275 2544 Signa
289 2467 395 2540 insunt,
410 2468 561 2544 exquibus
575 2468 743 2546 conjectura
756 2469 840 2528 facile
855 2470 886 2530 fit
894 2491 902 2543 ;

183 2562 250 2620 Duo
264 2582 329 2620 oum
344 2564 417 2622 idem
432 2564 550 2636 iaciunt,
565 2580 649 2641 sepe,
664 2576 696 2623 ut
708 2566 800 2642 possis
813 2567 919 2640 dicere,

184 2656 251 2716 Hoc
264 2658 334 2718 licet
348 2660 463 2737 impune
477 2660 572 2718 iacere
585 2661 663 2732 huic,
679 2661 721 2720 iili
734 2680 791 2721 non
807 2662 892 2723 licet:

183 2753 253 2814 Non
265 2756 341 2831 quod
356 2757 559 2815 dissimiliores
572 2757 618 2829 sit,
629 2758 679 2815 sed
694 2759 768 2834 quod
783 2759 816 2832 is,
831 2760 881 2836 qui
892 2761 972 2821 facit.

137 2858 170 2910 to
182 2850 259 2916 Quo
273 2869 328 2930 ego
343 2851 398 2927 illis
412 2852 505 2913 inesse
519 2852 612 2926 uideo,
627 2863 659 2911 ut
672 2854 815 2914 confidam
829 2857 899 2931 sore,
