2032 3322
256 192 388 242 lunum.
417 193 530 241 Aculv.
549 192 662 241 susm.
849 181 891 242 58

55 340 176 400 Sieoine
189 358 236 400 me
250 351 334 418 etque
348 341 425 400 illam
446 343 534 419 operi
555 341 605 400 tui
626 360 705 399 nunc
726 340 845 400 miseros

174 437 376 497 sollieitmierl

54 532 86 592 N
88 551 134 591 am
148 533 258 592 ideireo
273 553 410 608 arcessor,
424 534 540 611 nuptias
553 533 631 610 quod
644 533 716 591 mihi
731 551 845 610 appern-

173 629 199 687 ri
213 630 311 689 sensit.

57 725 111 785 os.
131 724 249 789 Quibus
263 725 378 802 quidem
390 746 474 802 quam
486 724 570 785 facile
580 735 713 802 potuerat
723 723 844 800 quiesci,

173 821 198 880 si
211 821 260 880 hie
274 822 419 898 quiesset!

60 917 119 991 Du.
142 918 217 995 Age,
232 917 256 976 si
280 917 335 976 hic¹
351 937 410 976 nou
436 918 542 976 insanit
564 917 709 976 sutissud
733 926 844 994 sponte,

122 1038 129 1045 ·
174 1015 288 1093 instiga„
330 1015 392 1092 My.
415 1017 512 1091 Atque
521 1015 635 1091 uedepol
708 1049 711 1056 ,
815 1080 817 1083 v

56 1110 103 1170 Ea
116 1130 162 1169 res
176 1121 218 1169 est
229 1132 238 1185 3
251 1122 458 1189 proptereaque
472 1130 551 1179 nune
564 1111 669 1169 misere
682 1109 846 1169 inmoerore

175 1217 233 1266 est>
267 1207 327 1268 Pa.
350 1207 450 1284 Mysis,
861 1207 891 1257 1⁰

55 1303 113 1364 Per
126 1323 227 1389 omnes
246 1304 299 1363 tibi
320 1303 418 1386 adjuro
439 1305 528 1375 Deos,
548 1322 694 1379 nunquam
716 1322 778 1362 eam
800 1321 846 1363 me
902 1298 905 1304 ⁵

69 1416 72 1421 ·
175 1399 374 1459 deserturum:

55 1494 137 1568 Non,
152 1496 176 1555 si
187 1496 345 1574 capiundos
359 1497 429 1554 mihi
444 1495 534 1554 seium
554 1514 617 1555 esse
637 1495 772 1553 ininiioos
786 1513 845 1553 om·

176 1592 391 1657 neiszhomines.
593 1600 594 1607 ’
738 1670 741 1679 .

56 1686 146 1748 Hune
168 1682 239 1747 mihi
262 1690 403 1767 expetivi;
425 1689 566 1767 contigit:
588 1689 765 1749 conveniunt
787 1707 848 1747 mo·

176 1804 241 1844 res:
262 1786 384 1858 valeant,

54 1878 122 1945 Qui
135 1881 209 1939 inter
222 1900 275 1939 nos
288 1882 440 1939 discidium
453 1883 551 1941 volunt
561 1894 573 1940 τ’
582 1883 667 1955 hanc,
682 1881 738 1940 nisi
752 1901 840 1956 mors,

179 1977 250 2037 mihi
265 1979 371 2037 adimet
382 1994 478 2036 nemo.

58 2073 114 2134 ot.
135 2073 297 2150 Resipisso.
346 2074 405 2132 Pa.
427 2074 496 2153 Non
521 2074 665 2151 Apollinis
691 2073 782 2151 magis
802 2092 848 2132 ve·

176 2155 250 2242 ium,
265 2180 349 2246 utque
363 2170 428 2241 hoc,
443 2189 611 2246 responsum
625 2179 676 2227 est.
862 2181 893 2232 15

55 2269 92 2327 Si
105 2251 292 2344 puterit'fieri,
304 2276 336 2324 ut
350 2285 386 2325 ue
399 2276 480 2342 pater
493 2284 544 2342 per
558 2284 604 2322 me
614 2265 726 2322 stetisse
737 2264 846 2336 eredat,

53 2364 131 2427 Quo
144 2362 239 2421 minus
259 2363 304 2420 hs
326 2362 428 2420 tierent
451 2354 568 2439 nuptie,
592 2360 674 2418 volo:
696 2359 746 2418 sed
770 2361 794 2418 si
819 2361 848 2419 id

170 2477 237 2517 -non
250 2458 364 2534 poterit,

53 2555 93 2617 Id
110 2554 224 2627 seciam,
239 2554 269 2612 in
282 2553 403 2630 proclivi
416 2553 493 2629 quod
508 2563 560 2624 est,
573 2572 625 2630 per
636 2572 682 2612 me
695 2555 806 2613 stetisse
817 2566 849 2613 ut

179 2651 285 2709 eredat.

49 2749 138 2816 Quis
151 2747 271 2806 videorl
307 2745 359 2805 ol.
381 2744 471 2803 Miser
485 2764 575 2821 aeque,
591 2755 675 2821 utque
689 2766 751 2825 ego.
786 2747 847 2807 Da.

179 2843 340 2902 Consilium
356 2861 460 2917 quaero.
504 2840 556 2900 ot.
578 2841 682 2900 Fortis.

301 2936 347 2996 50
