2018 3316
91 188 150 247 122
315 197 467 246 susurru.
496 198 610 246 scurv.
629 199 738 247 sones.

87 356 120 406 ⁵5
134 344 285 422 Numquid
299 346 523 424 circumspextii
544 357 593 406 sut
616 348 755 423 numquid
775 357 838 407 tute
857 366 922 427 pro·

252 443 343 519 spexri
356 443 420 517 tibi,

131 537 215 601 Quid
228 539 330 597 fieret?
350 540 407 615 qud
420 540 521 599 fieret?
541 541 566 601 si
579 550 609 598 te
622 540 713 617 ipsum
728 540 798 599 mihi
818 541 922 618 puduit

252 635 360 709 dicere,

131 729 202 793 Qus
222 731 426 790 resciscerem?
477 731 550 791 Haec
571 733 638 791 dum
663 732 785 806 dubitus,
807 752 923 793 menses

254 827 385 886 abierunt
398 827 508 887 decem.

132 921 287 981 Prodidisti
307 935 336 982 et
357 935 395 997 te,
417 935 446 982 et
470 925 546 982 illam
572 924 714 998 miseram,
738 935 767 984 et
789 937 921 1003 gnatum,

250 1018 326 1096 quod
340 1021 455 1097 quidem
471 1021 500 1078 in
515 1031 543 1078 te
558 1021 618 1079 suit.

132 1116 237 1180 Quidr
258 1117 405 1189 credebas,
420 1117 572 1177 dormienti
587 1118 649 1177 hec
662 1119 714 1177 tibi
735 1120 921 1179 confecturos

249 1212 347 1271 Deos?

86 1327 118 1378 ω
132 1309 172 1369 Er
185 1310 260 1368 illum
270 1310 332 1368 siue
345 1310 395 1368 tud
406 1311 493 1387 operd
502 1310 532 1367 in
542 1311 707 1368 cubiculum
719 1311 753 1368 iri
762 1312 920 1371 deductum

251 1406 390 1465 domumi

132 1502 231 1560 Nolim
264 1513 423 1561 ceterarum
456 1522 551 1562 rerum
584 1514 613 1561 te
639 1504 790 1562 socordem
818 1505 917 1564 eodem

249 1600 342 1657 modo.

132 1695 215 1761 Bono
242 1695 336 1754 animo
362 1715 411 1753 es:
445 1696 535 1755 duces
561 1716 677 1756 uxorem
710 1698 794 1757 hunc.
848 1699 914 1757 AEs.

248 1790 341 1849 Hem!
363 1791 416 1849 Μ.
438 1793 521 1852 Bono
530 1795 625 1852 onimo
637 1814 677 1862 es,
690 1795 814 1872 inquam.
848 1794 914 1853 AEs.

247 1885 342 1958 Pater,

131 1980 272 2055 Obsecro,
294 2002 351 2041 uon
369 1983 444 2041 ludis
458 1995 489 2042 tu
503 2004 581 2042 nunc
603 1987 668 2043 mei
709 1986 763 2045 Mi.
785 1986 851 2065 Ego
871 1987 912 2044 te!

248 2081 454 2156 quamobrem?
493 2081 562 2140 AEs.
584 2080 711 2141 Nescio:

131 2170 197 2235 Nisi
212 2176 280 2252 quie
292 2186 350 2234 tam
364 2176 467 2234 misere
488 2177 544 2235 hoc
565 2196 628 2236 esse
651 2179 738 2255 cupio
752 2198 861 2253 verum,
881 2199 913 2236 eo

247 2291 345 2332 vereor
359 2273 458 2352 magis.

85 2378 117 2428 85
131 2370 185 2429 Mi.
206 2369 265 2428 Abi
279 2370 406 2441 domum,
419 2389 453 2427 sc
466 2368 546 2427 Deos
554 2389 748 2447 comprecare,
757 2382 789 2431 ut
801 2391 911 2432 uxorem

249 2485 393 2525 arcessas:
416 2464 477 2524 sbi!

131 2560 199 2619 AEs.
226 2561 328 2624 Quidr
357 2561 416 2638 jem
450 2565 590 2622 uxorem?
637 2563 691 2624 Mi.
723 2564 797 2626 Jem.
847 2567 911 2626 AEr.

249 2658 337 2717 Jamr
377 2658 431 2718 dri.
452 2657 527 2733 Jam,
548 2672 696 2736 quantum,
715 2675 806 2740 potes.
847 2664 910 2724 ΑΒ.

248 2752 287 2812 Di
303 2773 358 2827 me,
371 2765 461 2832 puter,

131 2850 242 2911 Omnes
254 2849 377 2922 oderint,
392 2851 422 2909 ni
446 2870 536 2932 magis
559 2863 596 2926 te,
611 2850 695 2930 quam
718 2857 819 2917 oculos
838 2876 912 2918 nuuc

247 2962 412 3009 1111θῦ008.
