2018 3316
117 194 154 253 14
347 205 480 253 runem.
509 208 572 253 scs.
583 206 602 252 1.
622 207 699 253 css.
711 206 731 254 t.

128 363 160 413 80
175 352 251 412 Cum
272 354 337 429 illis,
359 356 408 432 qui
429 356 562 415 amabant
576 355 764 434 ¹Chrysidem,
785 355 844 414 uni
865 354 964 420 odoret

293 452 440 529 frequens3

175 549 303 609 Curabat
316 551 375 609 uni
389 550 490 623 sunum
512 550 601 610 tristis
615 550 739 624 interim,
761 582 765 589 ·

174 646 392 724 Nonnunquam
419 648 650 726 collacrymubut.
703 647 817 707 Pluouit
844 657 906 707 tum
933 646 964 707 id

292 745 379 804 mihi:

175 841 226 900 Sic
240 842 420 920 cogitabam
442 849 461 876 “
471 840 540 916 Hic,
555 861 648 921 parvus
663 841 881 901 eonsuetudinis
962 856 965 862 '

174 937 281 1012 Cauni,
296 939 381 1017 hujus
394 950 514 997 mortem
529 952 587 998 tum
602 939 656 998 fert
670 939 865 999 familiariter:

127 1046 160 1096 85
173 1033 267 1108 Quid,
294 1034 319 1093 si
346 1035 406 1112 ipse
435 1035 577 1094 emisset!
604 1034 673 1111 quid
697 1035 746 1095 hio
770 1034 841 1094 mihi
865 1034 962 1108 seoiet,

291 1132 411 1209 putrit”

174 1227 249 1287 Haeo
261 1247 317 1306 ego
329 1229 464 1306 putabam
479 1248 542 1288 esse
555 1229 653 1288 omnia
666 1229 785 1300 humani
799 1228 909 1308 ingeni,

173 1323 377 1402 Mansuetique
392 1325 479 1385 enimi
493 1325 596 1385 offiein.
636 1325 720 1389 Quid
734 1325 831 1384 multis
845 1328 961 1386 moror?

173 1421 297 1501 Egomet
312 1441 434 1503 quoque,
448 1424 511 1502 ejus
525 1423 669 1497 osusi,'in
683 1423 769 1482 funus
781 1424 900 1501 prodeo,

173 1519 255 1578 Nihil
267 1520 417 1599 suspicans
427 1522 513 1579 etiam
529 1520 604 1579 msii.
646 1521 696 1579 Su
709 1519 802 1579 Hem!
817 1520 887 1598 quid
897 1521 961 1580 esti

291 1616 334 1677 Si.
357 1617 448 1676 Soies.
535 1626 539 1637 “

126 1713 158 1764 90
173 1710 314 1772 Effertur:
336 1713 418 1772 imus.
459 1712 575 1772 Interea
589 1715 662 1773 inter
676 1714 819 1787 mulieres,

169 1806 248 1870 Quae
263 1808 302 1866 ibi
317 1808 445 1881 ederunt,
460 1800 533 1867 io'rte
557 1827 644 1868 unsrn
668 1809 777 1887 aspicio
796 1808 960 1870 odolescen-

288 1903 388 1977 tulum,

172 1999 278 2059 Formi
292 2046 299 2060 .
315 2045 322 2059 .
338 2047 344 2060 .
361 2001 391 2060 ,ἵ
432 2001 480 2062 So.
495 2002 578 2063 Boni
592 2003 720 2063 sortasse.
762 2004 805 2063 Si.
821 2004 859 2064 Et
870 2002 959 2079 voltu,

289 2097 383 2170 Sosis,

171 2192 256 2252 Adeo
269 2192 409 2267 modesto,
424 2193 496 2254 odeo
510 2207 639 2268 venusto,
655 2207 686 2255 ut
700 2196 771 2255 nihii
786 2216 880 2274 supro.

147 2361 150 2366 ,
169 2288 252 2353 Quia
265 2301 325 2351 tum
340 2290 411 2350 mihi
424 2290 574 2352 lamentari
587 2304 690 2371 praeter
700 2305 811 2353 ueteres

124 2388 157 2439 96
170 2385 242 2446 Visa
254 2397 315 2459 est;
337 2400 366 2447 et
380 2389 447 2466 quia
459 2400 520 2449 erat
534 2390 626 2449 sormi
638 2402 741 2468 preter
755 2403 866 2451 ueteres

171 2480 304 2541 Honesti
316 2496 346 2542 et
358 2476 486 2557 liberuli3
509 2486 618 2545 uoeedo
633 2485 668 2544 sd
681 2487 869 2565 pedisequus:

169 2578 247 2642 Qum
261 2580 308 2652 sit,
322 2599 407 2659 rogo:
429 2599 554 2640 sororem
569 2602 632 2642 esse
647 2583 727 2642 aiunt
740 2584 898 2661 Chrysidis.

170 2674 317 2736 Percussit
332 2675 411 2735 illioo
425 2677 568 2736 animum:
591 2679 661 2738 “At
675 2680 719 2738 et!
741 2679 797 2738 hoo
812 2680 883 2740 illud
897 2684 957 2742 est!

171 2757 255 2831 Hine
265 2771 321 2832 illae
334 2772 485 2850 laerymaei
507 2774 570 2833 haeo
585 2774 634 2834 illa
646 2778 682 2835 'st
697 2777 937 2837 misericordiu!”

108 2870 156 2923 10⁰
169 2869 216 2930 So.
237 2869 337 2935 Quem
350 2870 449 2946 timeo,
463 2890 599 2948 quorsum
617 2875 736 2934 evodus!
791 2874 834 2933 Si.
856 2875 958 2937 Funus

280 2967 400 3028 'iuterim
