<?xml version="1.0" encoding="UTF-8"?>
<!DOCTYPE html PUBLIC "-//W3C//DTD XHTML 1.0 Transitional//EN"
    "http://www.w3.org/TR/xhtml1/DTD/xhtml1-transitional.dtd">
<html xmlns="http://www.w3.org/1999/xhtml" xml:lang="en" lang="en">
 <head>
  <title>
</title>
<meta http-equiv="Content-Type" content="text/html;charset=utf-8" />
  <meta name='ocr-system' content='tesseract 3.04.00' />
  <meta name='ocr-capabilities' content='ocr_page ocr_carea ocr_par ocr_line ocrx_word'/>
</head>
<body>
  <div class='ocr_page' id='page_1' title='image "./pubterentiiafri00teregoog/pubterentiiafri00teregoog_0103.png"; bbox 0 0 2018 3316; ppageno 0'>
   <div class='ocr_carea' id='block_1_1' title="bbox 138 196 784 255">
    <p class='ocr_par' dir='ltr' id='par_1_1' title="bbox 138 196 784 255">
     <span class='ocr_line' id='line_1_1' title="bbox 138 196 784 255; baseline -0.006 0"><span class='ocrx_word' id='word_1_1' title='bbox 138 196 193 255; x_wconf 77' lang='lat'>108</span> <span class='ocrx_word' id='word_1_2' title='bbox 359 206 511 254; x_wconf 76' lang='lat' dir='ltr'>annuam.</span> <span class='ocrx_word' id='word_1_3' title='bbox 541 209 595 253; x_wconf 71' lang='lat' dir='ltr'>nea</span> <span class='ocrx_word' id='word_1_4' title='bbox 613 206 656 251; x_wconf 90' lang='lat' dir='ltr'>m.</span> <span class='ocrx_word' id='word_1_5' title='bbox 676 207 784 253; x_wconf 66' lang='lat' dir='ltr'>scano.</span> 
     </span>
    </p>
   </div>
   <div class='ocr_carea' id='block_1_2' title="bbox 75 353 967 2361">
    <p class='ocr_par' dir='ltr' id='par_1_2' title="bbox 75 353 967 2361">
     <span class='ocr_line' id='line_1_2' title="bbox 132 353 922 431; baseline 0 -18"><span class='ocrx_word' id='word_1_6' title='bbox 132 362 164 413; x_wconf 81' lang='lat'>5⁰</span> <span class='ocrx_word' id='word_1_7' title='bbox 178 353 314 412; x_wconf 79' lang='lat' dir='ltr'>Fuimus:</span> <span class='ocrx_word' id='word_1_8' title='bbox 335 364 530 430; x_wconf 82' lang='lat' dir='ltr'><strong>paupertatem</strong></span> <span class='ocrx_word' id='word_1_9' title='bbox 545 354 602 411; x_wconf 71' lang='lat' dir='ltr'>und</span> <span class='ocrx_word' id='word_1_10' title='bbox 614 353 783 430; x_wconf 77' lang='lat' dir='ltr'><strong>pertulimus</strong></span> <span class='ocrx_word' id='word_1_11' title='bbox 796 371 922 431; x_wconf 75' lang='lat' dir='ltr'>grauem.</span> 
     </span>
     <span class='ocr_line' id='line_1_3' title="bbox 176 449 911 529; baseline -0.003 -17"><span class='ocrx_word' id='word_1_12' title='bbox 176 450 360 529; x_wconf 79' lang='lat' dir='ltr'>Quapropter</span> <span class='ocrx_word' id='word_1_13' title='bbox 374 451 475 522; x_wconf 89' lang='lat' dir='ltr'>enitar,</span> <span class='ocrx_word' id='word_1_14' title='bbox 490 451 604 523; x_wconf 84' lang='lat' dir='ltr'>faciam,</span> <span class='ocrx_word' id='word_1_15' title='bbox 618 451 764 527; x_wconf 86' lang='lat' dir='ltr'>experiar:</span> <span class='ocrx_word' id='word_1_16' title='bbox 785 449 911 527; x_wconf 86' lang='lat' dir='ltr'>denique</span> 
     </span>
     <span class='ocr_line' id='line_1_4' title="bbox 177 547 929 625; baseline 0.001 -19"><span class='ocrx_word' id='word_1_17' title='bbox 177 548 312 607; x_wconf 83' lang='lat' dir='ltr'>Animam</span> <span class='ocrx_word' id='word_1_18' title='bbox 326 548 483 625; x_wconf 78' lang='lat' dir='ltr'>relinquam</span> <span class='ocrx_word' id='word_1_19' title='bbox 496 547 602 623; x_wconf 77' lang='lat' dir='ltr'>potius,</span> <span class='ocrx_word' id='word_1_20' title='bbox 616 566 701 623; x_wconf 90' lang='lat' dir='ltr'>quam</span> <span class='ocrx_word' id='word_1_21' title='bbox 715 547 779 605; x_wconf 81' lang='lat' dir='ltr'>illae</span> <span class='ocrx_word' id='word_1_22' title='bbox 789 547 929 607; x_wconf 76' lang='lat' dir='ltr'>deseram.</span> 
     </span>
     <span class='ocr_line' id='line_1_5' title="bbox 175 642 963 719; baseline 0 -16"><span class='ocrx_word' id='word_1_23' title='bbox 175 642 256 705; x_wconf 79' lang='lat' dir='ltr'>Quid</span> <span class='ocrx_word' id='word_1_24' title='bbox 269 644 338 701; x_wconf 92' lang='lat' dir='ltr'>mihi</span> <span class='ocrx_word' id='word_1_25' title='bbox 349 642 522 719; x_wconf 69' lang='lat' dir='ltr'>respondeat</span> <span class='ocrx_word' id='word_1_26' title='bbox 562 643 619 701; x_wconf 85' lang='lat' dir='ltr'>De.</span> <span class='ocrx_word' id='word_1_27' title='bbox 643 642 769 701; x_wconf 77' lang='lat' dir='ltr'>Fratrem</span> <span class='ocrx_word' id='word_1_28' title='bbox 781 642 963 715; x_wconf 79' lang='lat' dir='ltr'>conveniam,</span> 
     </span>
     <span class='ocr_line' id='line_1_6' title="bbox 294 739 409 817; baseline 0.009 -21"><span class='ocrx_word' id='word_1_29' title='bbox 294 739 409 817; x_wconf 83' lang='lat' dir='ltr'>Hegio:</span> 
     </span>
     <span class='ocr_line' id='line_1_7' title="bbox 176 835 965 913; baseline 0.001 -19"><span class='ocrx_word' id='word_1_30' title='bbox 176 835 206 894; x_wconf 85' lang='lat' dir='ltr'>Is</span> <span class='ocrx_word' id='word_1_31' title='bbox 227 837 303 913; x_wconf 94' lang='lat' dir='ltr'>quod</span> <span class='ocrx_word' id='word_1_32' title='bbox 329 837 398 894; x_wconf 95' lang='lat' dir='ltr'>mihi</span> <span class='ocrx_word' id='word_1_33' title='bbox 420 836 455 893; x_wconf 90' lang='lat' dir='ltr'>de</span> <span class='ocrx_word' id='word_1_34' title='bbox 477 837 531 893; x_wconf 89' lang='lat' dir='ltr'>hac</span> <span class='ocrx_word' id='word_1_35' title='bbox 554 855 586 893; x_wconf 90' lang='lat' dir='ltr'>re</span> <span class='ocrx_word' id='word_1_36' title='bbox 611 836 722 894; x_wconf 80' lang='lat' dir='ltr'>dederit</span> <span class='ocrx_word' id='word_1_37' title='bbox 748 835 915 909; x_wconf 73' lang='lat' dir='ltr'>consilium,</span> <span class='ocrx_word' id='word_1_38' title='bbox 935 836 965 895; x_wconf 92' lang='lat' dir='ltr'>id</span> 
     </span>
     <span class='ocr_line' id='line_1_8' title="bbox 293 952 401 1009; baseline 0.009 -19"><span class='ocrx_word' id='word_1_39' title='bbox 293 952 401 1009; x_wconf 80' lang='lat' dir='ltr'>sequar.</span> 
     </span>
     <span class='ocr_line' id='line_1_9' title="bbox 75 1024 966 1103; baseline 0.003 -18"><span class='ocrx_word' id='word_1_40' title='bbox 75 1024 78 1029; x_wconf 73' lang='grc'><strong><em>’</em></strong></span> <span class='ocrx_word' id='word_1_41' title='bbox 131 1033 163 1083; x_wconf 79' lang='lat'>65</span> <span class='ocrx_word' id='word_1_42' title='bbox 176 1028 232 1087; x_wconf 83' lang='lat' dir='ltr'>He.</span> <span class='ocrx_word' id='word_1_43' title='bbox 263 1030 331 1103; x_wconf 86' lang='lat' dir='ltr'>Sed,</span> <span class='ocrx_word' id='word_1_44' title='bbox 359 1030 478 1102; x_wconf 83' lang='lat' dir='ltr'>Demea,</span> <span class='ocrx_word' id='word_1_45' title='bbox 506 1030 562 1087; x_wconf 91' lang='lat' dir='ltr'>hoo</span> <span class='ocrx_word' id='word_1_46' title='bbox 588 1041 619 1087; x_wconf 92' lang='lat' dir='ltr'>tu</span> <span class='ocrx_word' id='word_1_47' title='bbox 646 1029 750 1088; x_wconf 84' lang='lat' dir='ltr'>facito:</span> <span class='ocrx_word' id='word_1_48' title='bbox 777 1048 846 1087; x_wconf 90' lang='lat' dir='ltr'>curu</span> <span class='ocrx_word' id='word_1_49' title='bbox 868 1030 966 1089; x_wconf 81' lang='lat' dir='ltr'>auimo</span> 
     </span>
     <span class='ocr_line' id='line_1_10' title="bbox 293 1128 413 1206; baseline 0 -21"><span class='ocrx_word' id='word_1_50' title='bbox 293 1128 413 1206; x_wconf 79' lang='lat' dir='ltr'>cogites,</span> 
     </span>
     <span class='ocr_line' id='line_1_11' title="bbox 175 1224 948 1302; baseline -0.001 -16"><span class='ocrx_word' id='word_1_51' title='bbox 175 1224 273 1287; x_wconf 80' lang='lat' dir='ltr'>Quam</span> <span class='ocrx_word' id='word_1_52' title='bbox 288 1244 337 1283; x_wconf 81' lang='lat' dir='ltr'>vos</span> <span class='ocrx_word' id='word_1_53' title='bbox 351 1224 493 1284; x_wconf 81' lang='lat' dir='ltr'>facillume</span> <span class='ocrx_word' id='word_1_54' title='bbox 509 1224 610 1302; x_wconf 77' lang='lat' dir='ltr'>agitis3</span> <span class='ocrx_word' id='word_1_55' title='bbox 630 1244 715 1301; x_wconf 89' lang='lat' dir='ltr'>quam</span> <span class='ocrx_word' id='word_1_56' title='bbox 729 1224 798 1283; x_wconf 73' lang='lat' dir='ltr'>eati·</span> <span class='ocrx_word' id='word_1_57' title='bbox 811 1242 948 1285; x_wconf 76' lang='lat' dir='ltr'>muume</span> 
     </span>
     <span class='ocr_line' id='line_1_12' title="bbox 177 1320 718 1394; baseline 0 -15"><span class='ocrx_word' id='word_1_58' title='bbox 177 1321 321 1394; x_wconf 78' lang='lat' dir='ltr'>Potentes,</span> <span class='ocrx_word' id='word_1_59' title='bbox 336 1321 418 1393; x_wconf 81' lang='lat' dir='ltr'>dites,</span> <span class='ocrx_word' id='word_1_60' title='bbox 433 1320 577 1394; x_wconf 89' lang='lat' dir='ltr'>fortunati,</span> <span class='ocrx_word' id='word_1_61' title='bbox 591 1322 718 1393; x_wconf 88' lang='lat' dir='ltr'>nobiles;</span> 
     </span>
     <span class='ocr_line' id='line_1_13' title="bbox 176 1418 897 1495; baseline 0.001 -19"><span class='ocrx_word' id='word_1_62' title='bbox 176 1418 253 1476; x_wconf 86' lang='lat' dir='ltr'>Tam</span> <span class='ocrx_word' id='word_1_63' title='bbox 266 1437 397 1476; x_wconf 79' lang='lat' dir='ltr'>maxume</span> <span class='ocrx_word' id='word_1_64' title='bbox 410 1436 459 1475; x_wconf 84' lang='lat' dir='ltr'>voa</span> <span class='ocrx_word' id='word_1_65' title='bbox 473 1436 554 1494; x_wconf 80' lang='lat' dir='ltr'>aquo</span> <span class='ocrx_word' id='word_1_66' title='bbox 569 1418 665 1476; x_wconf 89' lang='lat' dir='ltr'>animo</span> <span class='ocrx_word' id='word_1_67' title='bbox 678 1436 760 1495; x_wconf 82' lang='lat' dir='ltr'>aequa</span> <span class='ocrx_word' id='word_1_68' title='bbox 771 1426 897 1477; x_wconf 81' lang='lat' dir='ltr'>uoa&#39;cere</span> 
     </span>
     <span class='ocr_line' id='line_1_14' title="bbox 176 1513 790 1591; baseline 0 -19"><span class='ocrx_word' id='word_1_69' title='bbox 176 1513 308 1591; x_wconf 88' lang='lat' dir='ltr'>Oportet,</span> <span class='ocrx_word' id='word_1_70' title='bbox 322 1514 346 1572; x_wconf 85' lang='lat' dir='ltr'>si</span> <span class='ocrx_word' id='word_1_71' title='bbox 360 1532 410 1572; x_wconf 82' lang='lat' dir='ltr'>voa</span> <span class='ocrx_word' id='word_1_72' title='bbox 424 1514 507 1572; x_wconf 81' lang='lat' dir='ltr'>voltis</span> <span class='ocrx_word' id='word_1_73' title='bbox 520 1514 664 1590; x_wconf 86' lang='lat' dir='ltr'>perhiberi</span> <span class='ocrx_word' id='word_1_74' title='bbox 677 1515 790 1591; x_wconf 74' lang='lat' dir='ltr'>probos.</span> 
     </span>
     <span class='ocr_line' id='line_1_15' title="bbox 131 1610 942 1687; baseline 0.004 -19"><span class='ocrx_word' id='word_1_75' title='bbox 131 1618 163 1668; x_wconf 73' lang='grc' dir='ltr'>σο</span> <span class='ocrx_word' id='word_1_76' title='bbox 176 1610 233 1669; x_wconf 82' lang='lat' dir='ltr'>De.</span> <span class='ocrx_word' id='word_1_77' title='bbox 254 1610 381 1668; x_wconf 85' lang='lat' dir='ltr'>Redito:</span> <span class='ocrx_word' id='word_1_78' title='bbox 401 1610 481 1683; x_wconf 87' lang='lat' dir='ltr'>fient,</span> <span class='ocrx_word' id='word_1_79' title='bbox 495 1629 558 1686; x_wconf 76' lang='lat' dir='ltr'>quae</span> <span class='ocrx_word' id='word_1_80' title='bbox 571 1610 632 1668; x_wconf 90' lang='lat' dir='ltr'>fieri</span> <span class='ocrx_word' id='word_1_81' title='bbox 647 1629 758 1687; x_wconf 80' lang='lat' dir='ltr'>aequom</span> <span class='ocrx_word' id='word_1_82' title='bbox 770 1612 816 1684; x_wconf 70' lang='grc' dir='ltr'>ἐι,</span> <span class='ocrx_word' id='word_1_83' title='bbox 830 1612 942 1673; x_wconf 85' lang='lat' dir='ltr'>omnia.¹</span> 
     </span>
     <span class='ocr_line' id='line_1_16' title="bbox 177 1705 967 1779; baseline 0.005 -16"><span class='ocrx_word' id='word_1_84' title='bbox 177 1705 234 1764; x_wconf 82' lang='lat' dir='ltr'>He.</span> <span class='ocrx_word' id='word_1_85' title='bbox 256 1706 349 1764; x_wconf 85' lang='lat' dir='ltr'>Decet</span> <span class='ocrx_word' id='word_1_86' title='bbox 375 1716 403 1763; x_wconf 87' lang='lat' dir='ltr'>te</span> <span class='ocrx_word' id='word_1_87' title='bbox 427 1705 530 1764; x_wconf 89' lang='lat' dir='ltr'>facere.</span> <span class='ocrx_word' id='word_1_88' title='bbox 581 1706 664 1779; x_wconf 88' lang='lat' dir='ltr'>Geta,</span> <span class='ocrx_word' id='word_1_89' title='bbox 685 1707 743 1764; x_wconf 94' lang='lat' dir='ltr'>duc</span> <span class='ocrx_word' id='word_1_90' title='bbox 762 1724 810 1765; x_wconf 87' lang='lat' dir='ltr'>me</span> <span class='ocrx_word' id='word_1_91' title='bbox 829 1706 908 1769; x_wconf 85' lang='lat' dir='ltr'>intro</span> <span class='ocrx_word' id='word_1_92' title='bbox 930 1710 967 1769; x_wconf 79' lang='lat' dir='ltr'>ud</span> 
     </span>
     <span class='ocr_line' id='line_1_17' title="bbox 293 1802 459 1859; baseline -0.006 0"><span class='ocrx_word' id='word_1_93' title='bbox 293 1802 459 1859; x_wconf 82' lang='lat' dir='ltr'>Sostratam.</span> 
     </span>
     <span class='ocr_line' id='line_1_18' title="bbox 177 1896 967 1963; baseline 0.01 -9"><span class='ocrx_word' id='word_1_94' title='bbox 177 1896 233 1955; x_wconf 81' lang='lat' dir='ltr'>De.</span> <span class='ocrx_word' id='word_1_95' title='bbox 255 1896 323 1954; x_wconf 91' lang='lat' dir='ltr'>Non</span> <span class='ocrx_word' id='word_1_96' title='bbox 347 1916 393 1955; x_wconf 89' lang='lat' dir='ltr'>me</span> <span class='ocrx_word' id='word_1_97' title='bbox 416 1897 561 1956; x_wconf 78' lang='lat' dir='ltr'>indicente</span> <span class='ocrx_word' id='word_1_98' title='bbox 583 1898 645 1957; x_wconf 80' lang='lat' dir='ltr'>haec</span> <span class='ocrx_word' id='word_1_99' title='bbox 666 1899 754 1957; x_wconf 89' lang='lat' dir='ltr'>fiunt:</span> <span class='ocrx_word' id='word_1_100' title='bbox 775 1899 888 1959; x_wconf 83' lang='lat' dir='ltr'>utinam</span> <span class='ocrx_word' id='word_1_101' title='bbox 909 1900 967 1963; x_wconf 84' lang='lat' dir='ltr'>hoe</span> 
     </span>
     <span class='ocr_line' id='line_1_19' title="bbox 293 1993 428 2052; baseline 0.007 -1"><span class='ocrx_word' id='word_1_102' title='bbox 293 1993 330 2051; x_wconf 80' lang='lat' dir='ltr'>sit</span> <span class='ocrx_word' id='word_1_103' title='bbox 343 1994 428 2052; x_wconf 92' lang='lat' dir='ltr'>modo</span> 
     </span>
     <span class='ocr_line' id='line_1_20' title="bbox 177 2090 806 2151; baseline 0.002 -1"><span class='ocrx_word' id='word_1_104' title='bbox 177 2090 369 2150; x_wconf 80' lang='lat' dir='ltr'>Defunctum!</span> <span class='ocrx_word' id='word_1_105' title='bbox 390 2110 487 2149; x_wconf 83' lang='lat' dir='ltr'>verum</span> <span class='ocrx_word' id='word_1_106' title='bbox 501 2091 590 2149; x_wconf 90' lang='lat' dir='ltr'>nimia</span> <span class='ocrx_word' id='word_1_107' title='bbox 603 2090 677 2149; x_wconf 79' lang='lat' dir='ltr'>illaeo</span> <span class='ocrx_word' id='word_1_108' title='bbox 689 2091 806 2151; x_wconf 87' lang='lat' dir='ltr'>licentia</span> 
     </span>
     <span class='ocr_line' id='line_1_21' title="bbox 176 2187 875 2265; baseline 0.006 -20"><span class='ocrx_word' id='word_1_109' title='bbox 176 2187 310 2245; x_wconf 84' lang='lat' dir='ltr'>Profecto</span> <span class='ocrx_word' id='word_1_110' title='bbox 323 2188 423 2245; x_wconf 86' lang='lat' dir='ltr'>evadet</span> <span class='ocrx_word' id='word_1_111' title='bbox 437 2187 466 2245; x_wconf 93' lang='lat' dir='ltr'>in</span> <span class='ocrx_word' id='word_1_112' title='bbox 481 2187 594 2263; x_wconf 89' lang='lat' dir='ltr'>aliquod</span> <span class='ocrx_word' id='word_1_113' title='bbox 608 2206 743 2265; x_wconf 81' lang='lat' dir='ltr'>magnum</span> <span class='ocrx_word' id='word_1_114' title='bbox 757 2188 875 2249; x_wconf 88' lang='lat' dir='ltr'>malum.</span> 
     </span>
     <span class='ocr_line' id='line_1_22' title="bbox 131 2283 958 2361; baseline 0.006 -18"><span class='ocrx_word' id='word_1_115' title='bbox 131 2293 163 2343; x_wconf 72' lang='lat'>05</span> <span class='ocrx_word' id='word_1_116' title='bbox 177 2283 240 2358; x_wconf 93' lang='lat' dir='ltr'>Ibo,</span> <span class='ocrx_word' id='word_1_117' title='bbox 250 2304 284 2344; x_wconf 91' lang='lat' dir='ltr'>ac</span> <span class='ocrx_word' id='word_1_118' title='bbox 298 2284 438 2361; x_wconf 89' lang='lat' dir='ltr'>requiram</span> <span class='ocrx_word' id='word_1_119' title='bbox 448 2284 573 2357; x_wconf 81' lang='lat' dir='ltr'>fratrem,</span> <span class='ocrx_word' id='word_1_120' title='bbox 585 2294 617 2341; x_wconf 83' lang='lat' dir='ltr'>ut</span> <span class='ocrx_word' id='word_1_121' title='bbox 630 2284 659 2342; x_wconf 92' lang='lat' dir='ltr'>in</span> <span class='ocrx_word' id='word_1_122' title='bbox 670 2303 736 2343; x_wconf 92' lang='lat' dir='ltr'>eum</span> <span class='ocrx_word' id='word_1_123' title='bbox 750 2285 812 2344; x_wconf 81' lang='lat' dir='ltr'>haec</span> <span class='ocrx_word' id='word_1_124' title='bbox 822 2304 958 2347; x_wconf 67' lang='lat' dir='ltr'>mamam</span> 
     </span>
    </p>
   </div>
   <div class='ocr_carea' id='block_1_3' title="bbox 481 2551 655 2607">
    <p class='ocr_par' dir='ltr' id='par_1_3' title="bbox 481 2551 655 2607">
     <span class='ocr_line' id='line_1_23' title="bbox 481 2551 655 2607; baseline -0.006 -1"><span class='ocrx_word' id='word_1_125' title='bbox 481 2551 604 2607; x_wconf 83' lang='lat' dir='ltr'>SCENA</span> <span class='ocrx_word' id='word_1_126' title='bbox 621 2552 655 2606; x_wconf 82' lang='lat' dir='ltr'>V.</span> 
     </span>
    </p>
   </div>
   <div class='ocr_carea' id='block_1_4' title="bbox 514 2702 623 2762">
    <p class='ocr_par' dir='ltr' id='par_1_4' title="bbox 514 2702 623 2762">
     <span class='ocr_line' id='line_1_24' title="bbox 514 2702 623 2762; baseline 0.018 -2"><span class='ocrx_word' id='word_1_127' title='bbox 514 2702 623 2762; x_wconf 81' lang='lat' dir='ltr'>Heoro.</span> 
     </span>
    </p>
   </div>
   <div class='ocr_carea' id='block_1_5' title="bbox 218 2860 965 3035">
    <p class='ocr_par' dir='ltr' id='par_1_5' title="bbox 218 2860 965 3035">
     <span class='ocr_line' id='line_1_25' title="bbox 218 2860 965 2945; baseline 0.011 -26"><span class='ocrx_word' id='word_1_128' title='bbox 218 2860 303 2919; x_wconf 72' lang='lat' dir='ltr'>Boreo</span> <span class='ocrx_word' id='word_1_129' title='bbox 317 2860 412 2918; x_wconf 88' lang='lat' dir='ltr'>auimo</span> <span class='ocrx_word' id='word_1_130' title='bbox 425 2860 472 2919; x_wconf 85' lang='lat' dir='ltr'>lac</span> <span class='ocrx_word' id='word_1_131' title='bbox 491 2860 541 2933; x_wconf 78' lang='lat' dir='ltr'>aia,</span> <span class='ocrx_word' id='word_1_132' title='bbox 562 2862 708 2934; x_wconf 70' lang='lat' dir='ltr'>Sostrata3</span> <span class='ocrx_word' id='word_1_133' title='bbox 728 2874 758 2923; x_wconf 87' lang='lat' dir='ltr'>et</span> <span class='ocrx_word' id='word_1_134' title='bbox 771 2878 865 2940; x_wconf 74' lang='lat' dir='ltr'>aarum,</span> <span class='ocrx_word' id='word_1_135' title='bbox 885 2866 965 2945; x_wconf 88' lang='lat' dir='ltr'>quod</span> 
     </span>
     <span class='ocr_line' id='line_1_26' title="bbox 293 2974 386 3035; baseline 0.022 -1"><span class='ocrx_word' id='word_1_136' title='bbox 293 2974 386 3035; x_wconf 63' lang='grc' dir='ltr'>ΡΜ</span> 
     </span>
    </p>
   </div>
   <div class='ocr_carea' id='block_1_6' title="bbox 0 0 1017 3316">
    <p class='ocr_par' dir='ltr' id='par_1_6' title="bbox 0 0 1017 3316">
     <span class='ocr_line' id='line_1_27' title="bbox 0 0 1017 3316; baseline 0 0"><span class='ocrx_word' id='word_1_137' title='bbox 0 0 1017 3316; x_wconf 95' lang='lat' dir='ltr'> </span> 
     </span>
    </p>
   </div>
  </div>
 </body>
</html>
