2018 3316
87 166 144 227 121
307 179 460 229 mmm.
489 182 553 229 Aer.
563 180 605 229 Π.
624 180 734 230 flend.

429 416 552 472 ΙΟΕΝΛ
569 416 618 473 VI.

461 567 583 626 Dentre.

170 721 327 781 Derasso·
342 742 405 781 uum
420 724 610 783 ambulando:
633 734 673 797 ut,
695 726 777 802 Syre,
799 735 829 783 te
849 745 917 784 eum

248 819 298 876 tur

68 934 72 943 ·
131 912 340 973 Monstratione
355 936 475 994 magnus
488 916 588 993 perdat
601 916 729 993 Jupiter!

130 1011 293 1089 Perreptavi
307 1032 395 1090 usque
409 1032 493 1072 omne
507 1013 641 1092 oppidum
653 1035 660 1085 ;
683 1012 717 1072 ed
737 1026 860 1092 portam,
882 1016 916 1073 ed

245 1109 340 1167 laeum
349 1130 356 1181 ;

128 1203 199 1266 Quo
213 1208 291 1263 nont
322 1224 413 1282 neque
439 1207 497 1265 illie
521 1206 629 1265 fabrica
652 1207 711 1265 ulle
731 1218 802 1280 erat,
823 1225 914 1284 neque

248 1302 360 1359 fratrem
375 1303 461 1360 horno

97 1414 115 1464 5
129 1396 245 1455 Vidisse
258 1417 289 1456 ee
304 1399 397 1457 aiebat
410 1399 566 1476 quisquam.
608 1399 696 1458 Nune
710 1418 778 1457 vero
792 1400 871 1458 domi

130 1494 248 1552 Certum
263 1495 393 1553 obsidere
408 1509 451 1554 est
465 1514 564 1572 usque,
578 1496 672 1554 donee
685 1496 810 1555 redierit.

421 1757 546 1813 scENA
563 1758 625 1812 VII.

391 1906 495 1967 Mrcro.
530 1907 652 1967 Deum.

167 2061 222 2122 M.
251 2062 316 2136 Ino,
348 2064 403 2123 illis
427 2065 531 2138 dicem,
553 2066 660 2124 nullam
685 2085 748 2125 esse
774 2065 805 2124 in
831 2066 910 2124 nobit

245 2179 362 2220 moram.

128 2255 184 2315 De.
213 2258 271 2315 Sed
296 2277 397 2316 eccum
424 2257 533 2335 ipsum!
561 2273 590 2317 te
613 2257 782 2335 jamdudum
809 2278 909 2336 quero,

245 2353 345 2413 Micio.

126 2447 180 2507 ΜΞ.
201 2450 373 2513 Quidnamt
420 2450 476 2510 De.
505 2450 580 2509 Fero
608 2451 663 2508 alia
689 2450 799 2530 flagitia
819 2451 855 2510 ed
875 2464 910 2523 te,

243 2547 380 2625 ingentia,

126 2639 202 2699 Boni
216 2642 292 2700 illius
307 2643 502 2703 adolescentis.
542 2641 596 2701 Mt.
618 2642 699 2702 Eece
710 2644 822 2702 autem!
856 2643 908 2705 De

94 2736 370 2910 wapndgffljst
391 2833 475 2894 Ohe!
492 2835 560 2914 jam.
600 2834 657 2895 De.
678 2833 795 2911 Nescis,
808 2835 858 2914 qui
871 2835 910 2895 vit

243 2931 288 2991 sit
327 2932 382 2992 Ast.
404 2933 482 2994 Seio.
