2018 3316
93 181 150 239 1⁰⁰
311 194 460 241 ausum
489 194 608 241 Aoum.
627 194 735 243 Βοιώ.

136 340 205 413 Abi,
220 352 304 416 atque
328 341 454 419 Hegioni
477 353 600 420 cognato
620 342 704 420 hujus
724 361 784 401 rem
804 360 920 403 omnem

252 450 367 496 narrato
381 439 499 497 ordine:

135 532 166 591 N
168 553 213 591 am
226 533 252 591 is
265 544 362 592 nostro
377 535 489 593 Simulo
502 535 555 593 suit
565 554 707 608 sommus,
720 546 750 594 et
762 554 817 595 nos
829 536 920 595 ooloit

252 649 392 690 maxume.

90 734 122 782 ὥ
139 727 190 786 Ge.
211 726 289 784 Nam
306 727 406 787 hercle
427 728 500 787 alius
522 746 607 787 nemo
628 728 745 805 respicit
768 747 829 787 noo.
870 728 918 789 So.

252 823 428 900 Properate,
443 844 507 883 mea
521 825 674 898 Canthara,
729 874 733 887 .

136 918 247 978 Curre:
269 920 449 979 obstetricem
474 940 606 979 arcesse:
626 930 672 994 ut‚=
686 939 754 980 oum
777 920 920 1000 opressit,

252 1034 289 1074 ne
303 1015 332 1074 in
346 1017 426 1074 morti
440 1017 599 1077 nobisaiet.
677 1007 680 1011 ¹

327 1333 330 1339 .
433 1242 620 1363 acnuam

395 1431 515 1491 Dantur.
550 1433 678 1493 Suanos

176 1591 232 1651 De.
253 1591 409 1650 Drsruarr!
430 1590 635 1667 Ctesiphonem
650 1590 744 1649 audiri
757 1590 849 1651 filium

134 1686 201 1746 Una
215 1688 328 1745 affuisse
343 1688 373 1744 in
386 1688 515 1763 raptione
529 1705 595 1745 oum
611 1686 760 1747 AEsohino.

134 1780 171 1839 Id
184 1781 287 1840 misero
301 1790 388 1839 restat
401 1781 472 1839 mihi
485 1781 562 1853 mali,
574 1780 599 1839 si
612 1781 692 1839 illum
705 1791 810 1858 potest,
856 1830 860 1837 .

133 1874 197 1937 Qui
212 1874 298 1932 alicui
312 1875 354 1933 rei
368 1885 419 1948 est,
442 1875 528 1933 etiam
550 1894 617 1941 eum
641 1875 677 1933 ad
695 1876 854 1952 nequitiam
875 1875 920 1934 ab·

251 1971 365 2030 dooere.
746 2022 749 2027 .

103 2066 190 2132 5Ubi
216 2085 272 2145 ego
299 2067 377 2124 illurn
405 2068 551 2144 quaerami
591 2067 678 2126 oredo
706 2067 862 2127 abductum
889 2067 918 2125 iu

251 2182 374 2242 ganeum
718 2220 722 2227 .

31 2308 35 2317 .
133 2248 257 2339 ¹Aliquo:
277 2261 417 2339 persuasit
431 2261 478 2318 ille
492 2259 628 2337 impurus,
643 2271 686 2318 sat
699 2261 769 2320 seio.

134 2359 193 2416 Sed
206 2378 308 2417 eooum
323 2358 426 2435 Syrum
441 2357 482 2415 ire
491 2357 590 2415 video:
612 2357 680 2429 hino¹
694 2357 775 2417 scibo
786 2357 857 2434 jem,
868 2356 917 2418 ubi

249 2456 319 2513 siet:

133 2552 230 2626 Atque
243 2552 340 2611 herole
354 2552 402 2618 hio
415 2552 452 2609 de
465 2569 553 2629 grege
566 2548 616 2608 illo
625 2560 686 2609 est:
707 2551 732 2608 si
742 2569 788 2609 me
796 2550 917 2609 senserit

132 2645 207 2703 Eum
222 2647 381 2721 quaeritare,
396 2664 541 2721 nunquam
555 2645 634 2703 dieat
647 2644 794 2705 carnufex.

87 2749 117 2799 10
131 2740 200 2801 Non
220 2743 368 2807 ostendam
393 2761 439 2799 me
462 2741 492 2801 id
513 2741 594 2799 velle.
635 2740 687 2817 Sy.
704 2739 835 2799 Omnem
854 2756 914 2799 ram

247 2839 333 2897 modo
345 2838 417 2911 oeni,
438 2892 442 2901 .

129 2938 201 3003 Quo
212 2948 300 3017 proto
313 2936 441 3008 haberet,
456 2952 622 2993 enarramus
632 2930 753 2992 ordine:
