2018 3316
86 177 149 239 ,m
312 188 467 239 Annum.
495 190 558 237 Acr.
569 186 611 235 IV.
629 188 739 237 unm.

132 336 189 395 De.
211 338 382 397 correctori
403 356 507 415 nempe
519 338 570 396 tut
584 347 644 397 crte
657 334 759 415 viginti
772 336 858 395 minu

87 447 120 497 25
132 434 190 493 Pro
203 434 319 512 psaltrit
331 433 461 511 periere:
482 453 556 510 qne,
569 443 707 511 qnantum
720 442 827 510 potest,

133 531 241 607 Aliquo
256 532 417 608 abjicienda
430 542 488 589 est:
513 533 537 588 si
550 551 608 589 non
622 530 724 607 pretio,
739 541 768 588 at
781 529 888 608 grctiiu

133 627 187 687 Mt.
208 626 312 703 Neque
326 637 379 700 mr,
393 646 487 704 neque
501 627 578 686 iliam
591 646 661 685 rane
675 626 777 685 studeo
790 626 918 684 rendere.

133 723 293 815 De3Qnid
314 724 400 802 igitur
422 724 530 782 faciest
571 723 626 782 Mi.
648 723 736 781 Domi
759 723 824 781 erit.
866 722 918 781 De.

251 822 307 879 Pro
321 820 427 880 Dirum
441 821 543 895 tidem!

133 915 272 975 Meretrix
285 928 314 975 et
327 917 540 975 materfamilias
554 916 612 975 unii
626 916 655 974 in
668 914 777 973 domni

88 1013 187 1073 3οΜἱ.
209 1014 363 1072 Curncni
402 1013 459 1074 De.
482 1012 836 1071 Sanumtecrediscrcet
867 1010 918 1070 m

252 1110 394 1187 Equidem
409 1110 539 1169 arbitror.

133 1206 190 1267 De.
212 1207 257 1265 Ite
271 1226 317 1265 me
330 1206 370 1266 Di
389 1216 494 1279 ament,
515 1216 547 1265 nt
566 1205 650 1269 rideo
669 1225 725 1284 ego
745 1215 827 1264 tuum
845 1206 919 1283 incp-

250 1304 329 1376 tium,

133 1401 291 1461 Facturum
305 1401 402 1473 credo,
418 1410 448 1459 nt
461 1399 567 1458 hubenc
581 1398 698 1477 quicum
712 1399 845 1459 cuntitcr.

133 1499 187 1559 Mt.
209 1500 269 1557 Cur
283 1500 362 1557 noni
402 1497 459 1555 De.
480 1496 520 1555 Et
538 1516 612 1555 nova
629 1506 719 1573 nupta
739 1496 841 1556 eadem
861 1500 919 1555 hcc

250 1595 363 1654 discet?
402 1594 457 1652 Mt.
479 1595 608 1653 Scilicet.

133 1691 190 1750 Dr.
210 1690 259 1749 Tu
272 1690 348 1749 iuter
361 1710 411 1749 ens
434 1691 533 1750 restim
556 1690 679 1748 ductans
701 1689 829 1748 reltabir.
867 1688 919 1748 m

252 1787 354 1845 Probe.

88 1883 189 1942 ³5De.
212 1882 383 1941 “Probet’'
425 1882 479 1942 Mt.
507 1882 546 1942 Et
572 1894 603 1941 tu
630 1883 781 1941 nobiccum
810 1883 920 1957 uniunt

251 1999 324 2055 opus
337 1980 381 2038 sit.
424 1980 478 2038 De.
500 1980 559 2038 Hei
573 1980 661 2039 mihi!

133 2076 203 2137 Non
228 2086 258 2135 tc
284 2077 346 2135 hec
373 2077 503 2153 pudentt
549 2075 604 2134 Μῐ.
626 2073 692 2133 Jam
718 2094 786 2133 vero
813 2076 920 2149 omitte,

253 2174 373 2245 Demea,

134 2269 231 2330 Tuam
246 2270 338 2328 istunc
352 2267 547 2338 iracundium3
569 2277 663 2342 atque,
678 2267 719 2324 itu
731 2267 774 2324 uti
788 2267 885 2340 decet,

134 2366 267 2425 Hilarum
283 2385 317 2424 nc
330 2366 475 2424 lubentem
490 2363 536 2422 fac
550 2374 578 2421 te
591 2363 621 2422 in
635 2363 715 2440 gnati
728 2364 846 2439 nuptiis.

135 2463 200 2540 Ego
220 2464 273 2521 hos
294 2461 482 2520 conveniam:
512 2470 577 2537 post
600 2459 658 2517 huc
679 2460 776 2517 redeo.
817 2459 875 2519 Dc.
896 2459 920 2518 0

253 2557 382 2637 Jupiter!

88 2666 121 2716 to
135 2653 289 2713 Hunccine
310 2655 414 2712 vitam!
436 2653 555 2713 hoscine
578 2654 689 2711 mores!
711 2653 787 2710 hnnc
809 2654 919 2712 demetr·

251 2751 339 2809 tiam!

134 2847 212 2907 Uxor
226 2847 289 2905 cine
302 2847 369 2904 dcte
383 2848 497 2906 reniet:
517 2846 594 2905 intus
608 2846 724 2924 prcltrin
736 2855 800 2905 est:

135 2944 246 3006 Domus
258 2952 422 3004 rnmtuccr:
443 2942 611 3003 adolescens
623 2942 693 3001 luxu
704 2942 853 3021 perditur:
