2032 3322
248 276 402 325 samm.
431 276 546 325 mlv.
565 276 674 323 scm
837 266 894 327 117

59 426 199 499 Tantum,
219 437 253 486 ut
265 446 359 505 nsque
372 426 442 503 quid
461 444 508 485 ms
526 425 642 499 faciam,
664 442 761 501 usqua
780 423 850 501 quid

179 545 271 604 agam,
286 536 396 584 certum
410 524 487 583 siet?

60 622 194 682 Membra
206 632 286 681 mstu
299 621 407 681 debilia
416 630 501 679 sunt:
522 619 637 679 animus
645 619 750 679 timore
763 619 851 691 obsti·

176 719 248 797 puit.
623 764 626 771 .

59 812 182 875 Pastore
207 814 366 874 oonsistare
398 812 470 871 nihil
498 811 614 871 consilii
639 810 710 887 quit.
763 810 848 871 vahl

177 911 321 987 quomodo

58 1008 110 1069 Ma
123 1026 160 1067 ex
171 1007 228 1066 hae
241 1006 392 1083 expediam
404 1006 511 1067 turbt!
530 1015 612 1067 tanta
623 1024 704 1065 nune
722 1004 850 1083 suspitio

176 1105 212 1162 de
226 1122 273 1161 me
286 1102 390 1162 incidit
401 1123 408 1174 ;
862 1113 880 1165 5

57 1198 164 1275 Neque
183 1218 219 1257 ea
239 1199 390 1257 immerito.
441 1200 573 1257 Sostrata
589 1199 692 1273 arsdit,
711 1184 784 1259 inihi
803 1216 851 1259 mo

174 1294 322 1371 psaltriam
335 1295 412 1353 hano

57 1390 172 1451 Emissa
183 1409 191 1449 t
212 1390 243 1449 id
258 1409 330 1449 snus
343 1390 414 1449 feeit
426 1389 568 1449 indicium
581 1389 662 1449 mihi.

56 1486 135 1546 Nam
149 1486 263 1545 uthina
278 1486 350 1545 forte
364 1506 399 1544 ea
413 1487 449 1546 ad
462 1485 648 1545 obststsiosm
662 1496 724 1545 erat
743 1486 849 1571 missa3

57 1679 187 1752 Accede,
201 1680 306 1759 rogito,
320 1680 471 1757 Pamphila
484 1680 554 1757 quid
568 1680 655 1759 agat?
672 1680 732 1757 J'am
751 1688 851 1757 partus

193 1774 235 1832 d.

57 1869 141 1928 Eone
155 1777 337 1929 ogsgtetrigem
353 1874 500 1931 arcessat?
521 1873 571 1931 illa
591 1873 742 1943 exclamat,
757 1872 849 1947 “Abi,
885 1930 888 1935 ,

177 1966 224 2025 abi
235 1967 306 2043 jam,
321 1967 482 2029 AEschinsl
653 2022 656 2027 .
863 1972 895 2023 1⁰

58 2062 136 2121 Satis
149 2061 199 2119 diu
213 2061 317 2120 dedisti
332 2065 437 2123 verba:
458 2074 502 2123 sat
515 2064 610 2123 adhuo
633 2074 684 2123 tua
705 2084 759 2125 nos
778 2062 851 2121 frus·

174 2168 250 2217 trata
262 2160 300 2217 'st
312 2158 412 2219 fides.”

57 2261 76 2289 “
88 2253 183 2313 Hem!
205 2254 274 2332 quid
299 2254 375 2313 istus
400 2256 550 2329 obseor0‚''
576 2256 702 2332 inquam,
723 2256 848 2315 “esst'’

176 2357 195 2384 “
207 2350 331 2409 Valeas:
353 2351 458 2409 habeas
472 2351 559 2423 illam,
573 2371 636 2427 quae
649 2352 771 2428 plaeet.’'

57 2447 141 2505 Sensi
156 2446 236 2505 illiso
250 2447 280 2505 id
293 2448 357 2505 illas
376 2446 535 2523 suspicari:
556 2448 607 2505 sed
620 2466 666 2505 me
680 2448 851 2525 reprehendi

175 2553 272 2599 tamen

55 2636 104 2695 Ne
125 2637 193 2713 quid
214 2638 251 2697 de
272 2588 358 2697 tratre
372 2638 494 2717 garrulas
509 2638 550 2697 illi
564 2638 702 2712 dicerem,
718 2659 753 2699 ao
766 2640 849 2699 fieret

195 2734 278 2793 alam.

55 2829 147 2893 Nuna
173 2753 243 2913 guid
270 2830 396 2891 faciam?
416 2832 512 2893 dinam
538 2833 633 2894 fratris
659 2852 724 2895 essa
750 2834 849 2893 hana!

174 2925 252 3000 quod
265 2926 385 2986 minime
398 2929 522 3007 'etopus
645 2938 649 2989 ζ
862 2946 894 2998 15
