2018 3316
278 253 411 299 sannis.
440 254 503 298 ner.
514 253 534 298 1.
554 254 631 297 scas.
643 252 663 297 1.
853 242 887 298 ll

58 400 141 477 Apud
156 420 203 459 me
213 401 290 477 justa
303 412 330 459 et
345 402 476 458 clemens*
486 400 571 458 fuerit
584 400 715 473 servitus,

57 497 140 556 Scis:
163 498 229 571 leci,
243 518 260 555 e
274 517 355 555 servo
370 507 401 554 ut
414 516 491 555 esses
504 498 624 553 libertus
638 495 720 567 milri,
860 498 892 549 10

56 593 210 670 Propterea
223 594 300 670 quod
313 595 456 651 serviebas
470 593 633 651 liberaliter.

54 690 143 752 Quod
159 691 247 748 habui
261 710 403 747 summum
416 690 550 766 pretium,
564 687 687 764 persolvi
701 687 763 744 tibi.

56 786 102 844 So.
124 786 160 845 Iu
172 786 311 843 memoria
322 786 422 843 habeo.
463 785 511 845 st„
530 784 618 841 Haud
632 794 711 841 muto
726 783 842 840 factum.

173 882 221 940 So.
242 883 375 954 Gaudeo,

56 979 89 1036 Si
102 978 156 1036 tibi
170 979 237 1054 quid
253 979 319 1049 feci,
336 988 384 1035 aut
397 978 483 1050 sacio,
497 977 573 1053 quod
586 976 709 1054 placeat,
724 976 805 1034 Simo
813 996 821 1046 3

56 1075 104 1148 Et,
119 1075 148 1132 id
163 1085 276 1152 gratum
292 1075 378 1131 luisse
393 1075 544 1131 advorsum
558 1083 596 1146 te,
608 1073 701 1130 habeo
715 1072 844 1150 gratiam.
862 1072 892 1120 15

57 1172 116 1229 Sed
136 1172 193 1228 hoc
214 1171 285 1228 mibi
306 1172 457 1228 molestum
476 1182 536 1227 est:
560 1189 627 1227 nam
648 1169 749 1227 isthaec
769 1188 846 1226 com·

176 1268 345 1325 memoratio

56 1364 152 1427 Quasi
166 1364 347 1440 exprobratio
361 1374 403 1420 est
418 1362 593 1420 immemoris
607 1361 738 1419 benefici.

57 1461 141 1524 Quin
155 1471 187 1518 tu
202 1479 260 1517 uno
274 1461 360 1517 verbo
373 1460 431 1531 dic,
447 1460 582 1535 quidest,
598 1458 674 1534 quod
689 1477 734 1515 me
749 1458 827 1516 velis.

56 1557 101 1614 Si.
121 1557 167 1615 Ita
181 1557 294 1615 faciam.
336 1556 401 1614 Hoc
422 1556 545 1632 primum
563 1554 594 1612 in
608 1556 662 1612 hac
676 1573 707 1613 re
720 1554 848 1631 praedico

176 1654 246 1723 tibi;
884 1720 887 1725 Ι

57 1751 142 1814 Quas
157 1750 252 1807 credis
266 1768 328 1807 esse
342 1752 403 1823 has,
417 1770 475 1808 non
488 1760 555 1807 sunt
569 1768 642 1807 verae
656 1748 772 1825 nuptiae.
863 1748 895 1796 2⁰

57 1847 105 1905 So.
127 1847 188 1904 Cur
215 1847 333 1903 simulas
359 1846 466 1923 igiturl
519 1847 562 1903 Si.
583 1845 660 1903 Rem
687 1864 803 1902 omnem
832 1862 849 1902 a

175 1941 319 2018 principio
334 1941 448 2012 audies3

58 2038 104 2095 Eo
116 2048 204 2115 pacto
218 2049 247 2095 et
260 2037 340 2114 gnati
354 2037 451 2109 vitam,
465 2048 494 2094 et
508 2038 662 2095 consilium
676 2056 772 2093 meum

58 2135 228 2212 Cognosces
236 2154 244 2205 ;
265 2143 294 2190 et
309 2133 377 2209 quid
392 2133 487 2191 sacere
501 2134 530 2190 in
545 2134 600 2190 hac
615 2153 646 2189 re
659 2144 688 2189 te
701 2132 795 2189 velim.

57 2230 88 2289 N
90 2250 136 2288 am
150 2231 175 2288 is
188 2240 338 2306 postquam
353 2230 476 2287 excessit
488 2249 524 2287 ex
538 2230 666 2305 ephebis,
682 2228 776 2299 Sosia,

58 2327 194 2385 Liberius
207 2326 320 2384 vivendi
335 2326 388 2383 fuit
402 2336 544 2402 potestas:
566 2344 632 2381 nam
649 2335 733 2381 antea
866 2330 898 2380 25

57 2422 121 2485 Qui
135 2424 212 2481 scire
224 2442 333 2500 posses,
349 2433 396 2481 aut
412 2422 561 2499 ingenium
575 2440 706 2492 noscere,

58 2519 136 2577 Dum
162 2530 241 2592 artas,
266 2530 369 2591 metus,
393 2519 528 2596 magister
551 2518 761 2594 prolribebantl
802 2518 830 2575 S
843 2561 850 2576 .

178 2616 224 2675 Ita
237 2626 289 2674 est.

60 2711 103 2771 Si.
124 2713 213 2775 Quod
228 2712 356 2789 plerique
370 2732 471 2769 omnes
485 2712 595 2770 faciunt
610 2712 828 2782 adolescentuli,

60 2808 99 2867 Ut
120 2810 247 2868 animum
269 2810 304 2867 ad
326 2809 440 2885 aliquod
460 2809 586 2866 studium
615 2809 780 2885 adjungant,
803 2816 852 2864 aut

179 2925 270 2982 equos

63 3002 157 3075 Alere,
168 3014 218 3060 aut
225 3002 357 3060 canesarl
365 3004 538 3080 venandum,
551 3016 601 3066 aut
611 3004 651 3065 ad
657 3001 858 3084 plailosopbos
863 3020 878 3072 ς
887 3006 925 3056 ‘ab
