2018 3316
133 247 191 310 112
355 256 508 305 ausuum.
537 256 653 305 acesv.
670 256 780 304 sema

174 406 229 485 Sy.
250 404 349 465 Rideo
361 406 459 465 hune:
479 406 603 485 primum
618 406 658 465 ait
676 424 708 465 ae
728 406 824 465 seire:
844 406 871 465 is
890 406 967 467 solus

291 502 504 563 uesaitomuia.

131 606 161 657 10
174 598 231 659 De.
253 598 343 659 Nunc
366 600 472 659 redeo:
493 600 518 659 si
542 600 616 660 forte
639 598 725 659 frater
746 598 875 671 redierit,
896 600 963 661 visa

294 696 340 755 Οἱ.
362 698 446 773 Syre,

173 792 315 865 Obsecro,
328 792 404 867 vide,
418 810 456 851 ue
470 792 519 853 ille
531 792 590 851 hue
601 810 718 871 prorsus
730 810 763 851 se
772 792 872 853 irruat
911 792 962 871 Sy.

291 888 389 947 Etiam
402 890 504 948 taeesi

173 984 239 1063 Ego
265 986 383 1044 cavebo.
435 985 481 1044 Οἱ.
502 984 661 1061 Nunquam
681 984 779 1043 hercle
802 982 892 1043 hodia
910 1003 963 1065 ego

290 1082 366 1139 istus
379 1081 556 1141 eommittam
568 1080 640 1140 tibi:

172 1176 251 1235 Nam
263 1196 310 1235 me
320 1177 380 1257 jam
394 1178 425 1237 iu
439 1178 542 1238 ceilam
557 1178 681 1257 aliquam
695 1197 762 1237 eum
782 1176 833 1263 ittt
847 1178 961 1237 cauciu-

289 1274 375 1333 dam:
397 1275 427 1333 id
441 1274 614 1334 tutissimum
628 1278 673 1335 ’st

172 1368 225 1449 Sy.
246 1370 323 1449 Age,
337 1380 433 1431 tamen
456 1390 513 1451 ego
535 1372 615 1431 hune
637 1368 784 1431 amovebo.
824 1370 884 1431 De.
905 1368 960 1429 Sed

290 1486 394 1527 eadum
407 1468 580 1527 sceleratum
594 1466 709 1543 Syrum.

128 1568 159 1619 15
172 1562 225 1641 Sy.
246 1562 277 1623 N
278 1584 317 1623 ou
330 1563 428 1649 hercle
441 1564 491 1623 hie
504 1562 620 1641 quidem
634 1563 738 1621 durare
756 1564 918 1643 quisquam,
935 1561 959 1623 si

289 1659 333 1718 sie
346 1660 388 1733 fit,
401 1670 504 1737 potest.

172 1754 257 1813 Seite
271 1754 406 1830 equidem
419 1754 494 1827 volo,
508 1765 579 1831 quot
592 1756 663 1815 mihi
677 1756 736 1815 siut
748 1756 880 1818 dominis
900 1776 958 1835 quat

289 1850 352 1907 haeu
366 1860 410 1908 est
423 1849 558 1911 miseriei

173 1944 232 2006 De.
252 1946 337 2009 Quid
349 1946 399 2005 ille
412 1947 536 2026 gannit?
556 1949 626 2025 quid
639 1950 717 2009 volti
736 1951 807 2027 quid
821 1951 875 2027 ais,
888 1952 957 2009 boue

290 2043 355 2101 viri
374 2054 418 2101 est
432 2044 517 2103 irater
531 2043 631 2103 domii

171 2142 224 2219 Sy.
244 2140 338 2214 Quid,
365 2140 488 2199 malum!
521 2142 629 2200 “bone
651 2142 723 2213 vir,”
747 2142 819 2201 mihi
843 2141 955 2203 natast

289 2238 422 2314 equidem
435 2236 517 2314 perii.
558 2236 616 2297 De.
636 2237 720 2301 Quid
732 2238 786 2297 tibi
799 2240 864 2299 estt

171 2334 224 2413 Sy.
246 2334 390 2413 Rogitas?
430 2332 568 2409 Ctesipho
581 2352 628 2392 me
639 2334 747 2413 pugnis
765 2334 912 2409 miserum,
930 2340 955 2392 et

289 2430 372 2489 istam
385 2430 543 2506 psaltriam,

125 2536 158 2589 2⁰
171 2526 270 2602 Usque
293 2526 408 2585 oceidit.
449 2526 507 2585 De.
530 2526 624 2585 Hem!
656 2526 725 2603 quid
745 2530 868 2587 narrasi
906 2526 953 2605 ay.
989 2574 993 2582 .

288 2622 366 2680 Hem
377 2624 384 2681 Ι
405 2622 481 2695 vide,
495 2633 528 2681 ut
541 2622 658 2682 discidit
670 2624 791 2683 labrum.

171 2719 228 2780 De.
258 2717 480 2781 Quanobremt
533 2719 587 2797 Sy.
618 2718 669 2778 Me
703 2720 860 2796 impulsore
885 2720 954 2779 haut

260 2822 264 2827 '
288 2824 394 2873 emtam
417 2834 480 2875 esse
505 2816 553 2877 ait
602 2816 660 2877 De.
681 2816 752 2877 Non
772 2828 805 2877 tu
825 2836 893 2879 eum
910 2832 955 2879 rut

288 2912 357 2971 hine
370 2912 457 2971 modo
