2032 3322
269 187 421 234 inanum
450 190 512 235 ac«.
523 189 542 235 1.
563 188 642 237 sone.
651 189 673 237 r.
865 183 909 243 79

67 335 110 396 Et
136 336 241 412 quibua
267 355 346 394 nuno
372 337 512 395 sollicitor
539 338 644 396 rebus!
677 357 715 397 ne
743 349 792 398 aut
812 339 861 399 ille

188 432 295 504 alaerit,

67 530 132 587 Aut
146 529 256 605 uspiam
271 529 419 600 ceciderit,
435 540 483 587 aut
496 530 666 609 perfregerit

66 625 200 702 Aliquid.
240 625 324 684 Vah!
354 644 562 702 quemquamne
582 627 728 686 hominem
748 627 779 686 in
800 627 861 686 aui·

188 741 267 779 mum
281 722 440 794 instituere,
455 733 504 780 aut

65 818 185 891 Parare,
199 819 276 894 quod
290 819 327 877 ait
341 819 446 890 uarius,
460 839 544 895 quam
559 819 620 896 ipse
634 829 677 879 est
689 820 767 879 sibit

65 914 160 991 Atqui
174 933 210 973 ex
224 933 269 973 me
283 914 567 988 hicnonnatuaeat‚
581 916 632 974 aed
652 936 688 975 ex
708 916 813 977 fratre:
834 918 859 977 ia

126 1053 129 1057 .
188 1011 260 1069 adeo
872 1022 903 1072 1⁵

64 1106 211 1166 Dissimili
225 1107 320 1165 studio
333 1117 386 1180 eat,
397 1107 457 1184 jam
471 1108 538 1166 inde
553 1109 588 1167 ab
602 1109 804 1170 adolescendi.

66 1202 135 1281 Ego
166 1201 242 1261 haue
269 1204 440 1263 elementem
467 1205 554 1262 vitam
587 1205 735 1279 urbanam,
773 1219 858 1284 atque

186 1299 277 1359 otium

64 1396 194 1454 Secutus
207 1415 290 1469 eum;
311 1407 350 1468 et,
364 1397 442 1473 quod
456 1396 632 1456 fortunatum
646 1397 693 1456 ieri
706 1408 819 1475 putant,

64 1492 194 1552 Uxorem
229 1512 376 1570 nunquam
410 1494 505 1553 habui.
564 1493 618 1554 Ille
651 1505 762 1568 eontra,
795 1497 858 1557 hae

169 1576 300 1648 emnia:
893 1649 896 1655 .

64 1683 145 1745 Ruti
160 1704 244 1762 agere
257 1686 342 1745 vitam
355 1707 362 1757 3
376 1704 495 1765 »semper
508 1706 601 1764 parce,
610 1707 644 1746 ae
657 1687 766 1748 duriter
869 1700 903 1753 20

65 1782 108 1840 Se
121 1781 246 1853 habere;
269 1801 385 1840 uxorem
399 1783 501 1843 duxit:
523 1785 584 1843 nati
597 1785 649 1845 tilii

64 1877 137 1936 Duo
147 1896 165 1953 :x
175 1877 243 1935 inde
257 1896 312 1956 ego
326 1878 404 1936 hunc
420 1880 555 1957 majorem
570 1881 701 1958 adoptavi
715 1881 803 1940 mihi:

64 1972 164 2032 Eduxi
179 1974 342 2050 aparvulo:
363 1974 461 2047 habui,
477 1977 568 2034 amavi
581 1995 634 2054 pro
647 1996 731 2036 meu:

64 2067 103 2128 In
117 2087 154 2128 eo
167 2088 214 2128 me
226 2070 358 2129 obiecto:
379 2071 471 2129 solum
486 2072 515 2130 id
529 2082 572 2131 eat
586 2092 685 2131 earum
698 2074 778 2133 mihi.

64 2164 120 2225 lile
133 2176 166 2224 ut
179 2165 248 2224 item
262 2177 363 2225 eontra
376 2185 423 2225 me
436 2168 640 2239 babeat-famo
654 2168 772 2228 sedulo:
869 2176 902 2228 25

64 2262 124 2335 Do,
138 2263 323 2339 pretermitto
336 2283 343 2321 :
364 2283 423 2322 non
436 2283 555 2322 necesse
568 2265 661 2322 habeo
674 2266 772 2324 omnia

64 2358 124 2417 Pro
137 2377 203 2417 meo
214 2359 279 2436 jure
294 2378 386 2436 agere.
427 2359 586 2432 Postremo,
602 2361 649 2418 alii
664 2361 827 2422 clanculum

64 2454 166 2513 Patres
180 2475 243 2531 quae
259 2456 378 2528 faciunt,
392 2477 455 2532 quae
471 2457 526 2514 fert
540 2458 742 2532 adolescentia,

64 2551 112 2611 Ea
122 2571 161 2609 ne
175 2571 221 2610 me
236 2553 320 2624 celet,
335 2554 501 2611 consuefeci
515 2554 613 2612 filium.

64 2646 143 2706 Nam
157 2648 206 2724 qui
221 2649 345 2720 mentiri,
361 2660 410 2707 aut
423 2650 520 2708 saliere
534 2650 655 2710 insuerit
667 2665 788 2729 patrem,
867 2673 900 2722 an

64 2744 127 2801 Aut
142 2740 268 2815 audebit,
283 2756 363 2802 tanto
379 2746 469 2822 magia
485 2747 600 2805 audebit
614 2759 734 2809 eeteros.

65 2839 179 2900 Pudore
193 2855 222 2898 et
235 2841 405 2899 liberalitate
418 2842 523 2899 liberos

65 2933 206 2997 Retinere
220 2936 309 2996 satius
323 2955 386 2996 esee
400 2938 497 3011 eredo,
511 2958 596 3016 quam
611 2952 696 3001 metu.
