2018 3316
116 46 135 109 t
303 52 455 107 terrem.
484 58 548 107 rer.
556 56 599 108 rr.
618 60 729 109 sose„

121 208 223 267 Clivus
235 208 369 267 deorsum
384 228 484 268 vorsus
501 220 562 270 est:
582 210 639 269 lrse
661 220 692 269 te
713 208 914 288 precipitato:

237 316 340 383 postes

120 402 174 460 Est
197 400 233 460 sd
257 402 334 461 hane
354 420 472 465 manum
492 402 649 461 sacellum:
670 402 711 462 ibi
731 402 914 483 angiportum

238 510 354 576 propter
368 510 423 559 est.

119 594 177 656 De.
197 594 361 658 Quonamt
411 596 463 673 Sy.
491 594 558 653 Illie
578 594 629 653 ubi
652 596 739 654 etism
760 596 914 674 espritieus

238 710 343 769 magna
369 703 430 750 est:
465 690 594 752 nistin¹¹l
644 692 702 751 De.
722 691 810 752 Novi.
860 692 912 771 sy.

238 786 305 845 Hae
317 788 439 867 pergito.

119 882 177 942 De.
198 883 234 941 Id
247 885 362 960 quidem
378 884 558 963 angiportum
568 904 625 943 non
636 884 826 961 estpervium.
860 883 912 962 Sy.

238 980 349 1039 Verum
362 979 478 1038 hercle:
499 979 573 1038 vahl

76 1078 105 1128 1⁰
120 1075 244 1134 Censen¹
269 1076 413 1134 hominem
428 1094 475 1134 me
492 1078 578 1134 esset
617 1074 729 1134 Errsri.
769 1074 807 1133 In
829 1075 914 1153 porti·

237 1192 304 1232 eum
318 1192 430 1231 rursum
444 1172 527 1230 redi:

120 1271 198 1329 Sane
211 1270 266 1328 hae
280 1269 371 1328 multo
382 1269 500 1346 propius
514 1268 579 1341 ibis,
590 1279 620 1327 et
632 1268 727 1327 minor
740 1276 785 1327 est
798 1268 911 1327 erratio.

120 1367 200 1425 Sein'
229 1366 353 1437 Cratini,
380 1366 465 1443 hujus
490 1365 568 1437 ditis,
595 1365 695 1423 oedesl
745 1364 804 1424 De.
833 1365 911 1424 Ιοίο.

237 1462 291 1539 sy.
311 1462 369 1521 Ubi
384 1482 432 1520 eas
445 1462 627 1540 preterieris,

120 1557 169 1615 At
193 1558 337 1615 sinistram
361 1558 417 1616 hee
439 1558 520 1617 reete
542 1557 657 1635 plutei:
681 1556 731 1616 ubi
752 1556 789 1615 ad
808 1556 912 1617 Diana

238 1654 361 1727 veneris,
769 1720 774 1727 ¹

120 1748 167 1808 Ito
192 1749 228 1808 ad
251 1750 398 1808 dextram:
419 1750 585 1827 priusquam
612 1749 649 1807 td
670 1760 784 1827 portam
803 1748 913 1821 venite,

241 1847 314 1924 apud
328 1848 421 1923 ipsum
436 1848 532 1905 laeum

75 1946 106 1994 45
120 1944 174 2004 Est
183 1943 312 2021 pistrilla,
324 1954 353 2001 et
367 1942 554 2001 exadvorsum
569 1942 696 2001 labrire:
718 1940 759 1999 ibi
767 1952 820 2001 est.
855 1940 927 2001 De-

237 2040 321 2104 Quid
335 2040 375 2098 ibi
390 2038 479 2097 laeitl

121 2137 173 2214 Sy.
201 2137 337 2196 Lectulos
358 2136 388 2194 in
415 2134 476 2193 sole
496 2134 593 2212 ilignis
619 2133 741 2211 pedibus
762 2133 928 2193 faciundas

238 2233 325 2291 dedit.

121 2328 177 2389 De.
199 2328 256 2387 Ubi
268 2329 374 2405 potetis
384 2330 454 2386 vost
494 2327 738 2405 sy.13enesane.
780 2326 838 2387 De.
854 2322 915 2385 Sed

238 2444 321 2483 cesso
336 2425 370 2482 sd
385 2444 451 2483 eum
464 2441 594 2502 pergere.

120 2520 173 2600 ey.
194 2520 300 2579 Isane.
342 2522 406 2599 Ego
419 2531 448 2579 te
468 2521 611 2578 exercebo
633 2518 731 2592 hodie,
754 2529 788 2579 ut
806 2520 906 2597 dignus

237 2635 278 2690 es,
293 2615 480 2675 silicernium.

114 2714 279 2775 AEselrinus
291 2712 391 2773 odiose
404 2722 517 2772 cessat:
537 2711 690 2790 prandium
709 2711 899 2789 corrumpitur.
