2032 3322
95 188 135 248 8⁰
317 204 470 253 suumn
499 205 596 252 scer
615 204 693 252 scas.
705 204 725 253 r.

142 349 216 408 Hrec
230 350 308 410 fratri
317 372 430 411 mecum
439 371 497 410 non
506 353 691 425 conveniunt,
701 372 796 430 neque
804 352 927 432 placent

95 459 127 508 35
143 447 231 505 Venit
264 449 299 506 ad
333 468 379 507 rne
405 468 490 525 supe,
518 449 678 523 clamitans,
707 449 825 513 “Quid
860 450 927 530 agis,

260 543 374 602 Micio?

141 640 202 698 Gur
215 641 310 716 perdis
326 642 534 700 adolescentem
550 643 655 701 nobis?
675 662 728 701 cur
742 646 842 704 smact

141 737 201 793 Cur
216 740 314 813 potatt
335 758 386 795 cur
401 750 431 796 tu
446 739 490 795 his
504 741 589 797 rebus
602 752 747 816 sumptum
761 740 914 818 suggeris?

141 834 252 892 Vestitu
268 835 358 892 nimio
372 835 521 913 indulges:
538 837 662 894 ”nimium
678 837 793 913 ineptus
805 838 867 896 es'⁸

140 929 271 995 Nimium
300 931 359 1007 ipse
386 943 429 991 est
455 932 553 1002 durus,
580 943 682 1008 preter
709 919 882 1010 aequumque
899 942 925 991 et

258 1029 381 1086 bonurn:

93 1137 125 1186 40
141 1123 178 1181 Et
192 1135 266 1182 errat
279 1125 374 1202 longe,
388 1125 453 1182 rnefe
467 1124 583 1200 quidem
598 1108 749 1197 semestri,

137 1219 200 1283 Qui
216 1220 366 1296 imperium
380 1221 478 1279 credat
492 1220 606 1298 gravius
619 1240 682 1279 esse
696 1231 744 1279 eut
758 1222 899 1295 stabilius,

139 1316 176 1374 vi
191 1317 266 1392 quod
281 1318 321 1384 frt.
336 1336 420 1394 quarn
436 1317 505 1375 illud
520 1317 596 1392 quod
612 1317 740 1377 amiciti&
753 1317 923 1397 adjungitur.

138 1412 262 1472 Messio
276 1425 320 1472 est
333 1414 415 1485 ratic,
431 1423 459 1471 et
473 1413 516 1471 sic
531 1408 657 1471 animum
672 1413 780 1471 induco
794 1433 906 1477 meum:

137 1509 218 1567 Melo
232 1521 350 1567 coactus
364 1509 413 1585 qui
427 1528 510 1567 suurn
524 1508 651 1566 officium
666 1509 745 1580 fucit,

93 1616 122 1666 t5
137 1606 214 1664 Dum
229 1607 258 1664 id
272 1606 407 1663 rescitum
423 1606 457 1663 iri
471 1605 572 1675 credit,
586 1605 724 1681 tantisper
738 1616 840 1666 curet:

138 1701 169 1759 Si
185 1712 278 1777 sperat
290 1701 352 1758 fore
367 1701 450 1771 clam,
466 1719 578 1757 rursum
594 1701 628 1757 nd
642 1701 792 1778 ingenium
806 1703 890 1764 redit

136 1797 199 1868 Ille,
215 1816 298 1871 quern
314 1797 454 1854 beneficio
469 1797 616 1874 adjungas,
632 1816 667 1855 ex
682 1798 779 1861 animo
793 1799 882 1859 tacit:

136 1894 237 1951 Studet
251 1912 301 1968 par
315 1893 436 1951 referre:
457 1912 591 1969 presens,
602 1895 761 1969 absensque
773 1894 852 1977 idem
863 1894 920 1956 erit

136 1989 203 2047 Hoc
216 1988 339 2064 putrium
353 1999 405 2060 est,
419 1989 514 2065 potius
528 1989 733 2048 consuefacere
746 1990 839 2050 filiurn
883 2016 888 2021 ·

88 2094 121 2144 60
137 2087 196 2144 Suu
211 2096 311 2163 sponte
325 2094 403 2143 recte
418 2086 521 2156 fucere,
537 2105 621 2161 quum
637 2086 731 2144 ulierrc
745 2098 834 2165 metu,

136 2183 202 2240 Huc
216 2194 296 2258 puter
311 2181 491 2238 rodominus
506 2181 639 2239 interest:
662 2182 717 2238 hoc
731 2184 780 2258 qui
796 2184 903 2261 nequit,

136 2280 271 2338 Fateatur
285 2278 397 2336 nescire
412 2278 552 2353 irnpernre
566 2278 672 2336 liberis.
691 2304 694 2309 ’

137 2376 193 2433 Sed
208 2387 289 2432 estne
304 2374 351 2431 lric
376 2375 463 2450 ipsus,
485 2374 598 2448 dequo
623 2375 766 2450 agebam?
797 2386 919 2436 eccene

256 2472 279 2528 is
299 2483 350 2529 est.
848 2518 852 2527 .

136 2566 245 2623 Nescio
259 2567 326 2640 quid
351 2567 459 2623 tristem
480 2565 582 2623 rr'deo:
603 2565 691 2623 eredo
711 2565 782 2642 jum,
797 2578 829 2626 ut
842 2568 918 2638 solet,

89 2670 121 2719 τιὸ
136 2661 153 2718 J
157 2661 276 2737 urgebit.
318 2662 432 2719 Salvum
447 2672 476 2719 te
491 2660 634 2733 advenire,
649 2661 770 2736 Dentes,

135 2755 308 2816 Gundemus.
