2018 3316
316 172 450 219 ANDRIA.
479 173 542 219 der.
554 173 573 219 1.
593 173 670 219 Ισιι.
682 173 702 220 l.
891 162 928 222 13

91 316 163 393 nie,
175 320 271 393 sodes,
291 340 356 397 quis
376 320 438 379 heri
458 320 630 399 Chrysidem
649 320 794 379 hahuiti’'
815 340 883 381 nam

211 416 331 477 Andriae

90 510 142 571 liii
155 512 185 571 id
199 523 260 571 erat
272 531 387 573 nomen.
428 514 477 573 So.
498 512 612 573 Teneo.
652 512 697 573 Si.
717 512 882 587 Phaedrum,

114 646 118 653 ·
212 620 262 669 aot
273 609 400 670 Cliniam

91 704 249 781 Dicebant,
260 717 309 767 aut
322 706 352 765 N
354 707 510 779 ioeratum3
531 726 599 766 nam
613 706 644 765 hi
657 718 716 767 tres
725 718 786 767 tum
798 707 882 767 simul
896 715 928 765 60

91 800 249 861 Amabant.
291 810 309 837 “
319 803 402 863 Eho!
421 803 490 882 quid
501 803 716 883 Pamphilusi''
751 803 883 867 “Quidt

212 900 371 977 symbolam

91 994 206 1069 nodas
221 997 372 1057 donavi&
413 998 591 1059 Gaudebam.
631 996 705 1057 Item
719 998 777 1058 aiio
790 998 838 1059 die

91 1092 288 1159 Querebam:
309 1096 533 1173 comperiebam,
547 1095 618 1153 nihil
634 1096 669 1154 ad
682 1096 865 1173 Pamphirum

91 1190 265 1271 Quidquam
279 1192 417 1253 attinere:
438 1192 584 1251 enimvero
596 1203 757 1270 spectatum
769 1194 839 1254 satis

92 1286 290 1363 Paratomos
302 1308 438 1369 magnum
452 1289 614 1367 exemplum
628 1290 832 1351 continentia:
897 1302 930 1353 65

93 1384 173 1445 Nam
187 1386 237 1463 qui
251 1405 318 1447 eom
332 1386 456 1465 ingeniis
469 1386 653 1445 conflictatur
666 1387 818 1464 ejusmodi,

93 1480 200 1561 Neque
212 1493 408 1543 commovetur
422 1483 535 1543 animos
548 1483 578 1541 in
592 1484 627 1542 ed
641 1503 672 1542 re
686 1494 793 1553 tamen,
860 1552 863 1557 Ι

94 1578 180 1639 Boias
192 1599 277 1659 posse
290 1580 396 1639 hahere
406 1580 466 1657 jam
478 1581 573 1658 ipsum
587 1600 646 1639 suae
659 1580 725 1639 vitae
737 1580 863 1640 modum.

93 1674 173 1737 Cum
185 1676 215 1736 id
229 1677 300 1737 mihi
313 1676 456 1755 plaoebat,
467 1687 528 1735 tom
539 1696 598 1737 uno
608 1696 659 1737 ore
673 1696 774 1737 omnes
786 1679 885 1737 omnia

93 1772 180 1835 Bona
192 1774 300 1848 dicere,
314 1785 343 1833 et
356 1775 473 1833 laudare
487 1774 615 1833 fortunas
628 1794 717 1848 meas,
898 1792 930 1841 ⁷⁰

92 1868 160 1935 Qui
170 1882 290 1951 gnatum
304 1871 439 1929 haberem
453 1871 503 1929 tali
517 1871 635 1949 ingenio
647 1871 808 1948 praeditum.

91 1964 178 2031 Quid
207 1968 302 2027 rerhie
334 1987 407 2045 opus
439 1969 503 2027 esti
535 1967 592 2027 hae
625 1968 701 2027 sami
735 1968 884 2046 impulsus,

214 2064 353 2124 Chremes

92 2156 179 2219 Ultro
192 2159 227 2219 ad
242 2177 289 2218 me
302 2159 391 2232 venit,
404 2159 522 2219 unicam
534 2169 651 2237 gnatam
665 2178 746 2217 suam

94 2252 173 2313 Cum
186 2253 253 2313 dote
267 2254 379 2313 summi
392 2254 452 2313 fiiio
466 2272 584 2314 uxorem
599 2264 630 2311 ut
643 2253 732 2311 daret.

93 2348 226 2421 Piaooit3
247 2350 404 2428 despondi:
425 2351 474 2409 hie
487 2350 596 2428 nuptiis
609 2350 706 2408 dietus
718 2360 762 2408 est
775 2350 846 2408 dies.
897 2356 945 2409 ⁷5.

93 2446 145 2507 So.
165 2444 247 2510 Quid
268 2448 372 2520 obstat,
387 2466 439 2506 our
459 2466 518 2505 non
535 2465 608 2503 verae
627 2445 717 2505 flenti
757 2446 801 2505 Si.
823 2448 884 2507 Au·

213 2544 285 2603 dies.

93 2640 215 2701 Pereia
229 2640 332 2700 diebus
343 2640 454 2718 paucis,
469 2639 574 2716 quibus
587 2639 650 2699 heo
665 2650 730 2699 aeta
742 2652 819 2713 sunt,

94 2736 217 2817 Chrysis
243 2737 339 2797 rioina
365 2737 428 2796 heo
461 2736 590 2797 moritur.
650 2737 698 2796 so.
719 2736 748 2796 Ο
775 2737 884 2797 sactum

214 2835 305 2895 berre!

94 2930 213 2993 Bedrti:
233 2930 324 2989 metui
338 2950 356 2988 a
368 2930 517 3008 Chryside.
558 2929 602 2990 st.
622 2929 668 2989 Ibi
681 2940 744 2991 tum
756 2930 833 2991 iilius

218 3050 237 3084 a·
328 3027 353 3084 2
