2018 3316
135 274 193 335 116
351 282 504 331 unstrut
532 283 596 331 tes.
610 282 652 331 tv.
672 282 782 331 nem

176 430 380 510 Suspicionem
392 432 469 491 haue
481 440 597 509 propter
620 430 737 491 fratrem
757 431 821 510 ejus
843 450 920 508 esse,
938 442 970 493 et

295 527 372 586 illem
385 528 540 604 psaltriam.

131 636 162 687 10
175 624 230 685 Μ.
251 624 285 685 Si
305 625 346 683 itu
367 643 481 701 equum
504 644 617 699 censes,
642 634 692 685 sut
714 625 741 685 ni
762 624 806 685 itt
827 644 903 705 opus
924 634 971 687 est

293 721 378 794 sacto,
392 740 500 780 eamus.
540 720 601 781 He.
622 721 809 781 Beuefsois:

173 816 205 877 N
207 834 252 876 tm
266 826 295 876 et
309 816 351 875 iili
365 816 491 876 animum
501 816 562 895 jum
575 816 726 891 relevabis,
740 836 805 894 quur
818 816 920 879 dolore
933 836 971 879 su

291 914 408 971 miserit

173 1008 329 1081 Tubeseit3
351 1019 380 1068 et
392 1019 444 1068 tuo
457 1009 555 1069 offioio
579 1008 668 1069 fueris
694 1010 818 1070 functus.
861 1010 922 1069 Sed
944 1010 970 1071 si

292 1105 373 1164 aliter
386 1116 481 1183 putus,

172 1201 298 1281 Egomet
310 1204 432 1261 narrabo
446 1222 510 1279 quae
523 1200 594 1261 mihi
608 1202 688 1263 dixti.
729 1202 785 1263 Mi.
806 1202 903 1262 Immo
912 1222 969 1285 ego

290 1299 347 1357 ibo.
387 1297 446 1359 He.
467 1299 549 1359 Bene
563 1298 643 1357 suuis.

171 1393 292 1467 Omnes,
306 1393 409 1471 quibus
429 1412 475 1451 res
498 1404 565 1450 sunt
588 1392 684 1450 minus
704 1392 851 1466 secundm,
872 1394 969 1473 magis

289 1498 365 1563 sunt,
379 1489 480 1548 neseio
493 1488 650 1565 quomodo,

126 1597 156 1645 15
170 1586 349 1663 suspiciosi:
384 1584 420 1643 nd
447 1584 653 1643 contumelium
683 1582 783 1643 omnis
815 1584 968 1663 ueoipiunt

287 1700 400 1759 mugm:

171 1776 290 1854 Propter
318 1796 399 1834 suem
426 1777 624 1854 impotentium
650 1796 682 1837 se
708 1794 821 1855 semper
841 1778 967 1839 eredunt

287 1873 406 1953 negligi.

168 1971 352 2049 Quapropter
366 1981 394 2029 te
408 1970 501 2049 ipsum
514 1990 638 2050 purgare
651 1970 720 2049 ipsis
741 1989 852 2045 eorem,
866 1972 964 2051 plsou·

287 2068 375 2127 bilius
388 2077 441 2127 est.

169 2166 223 2225 Mt.
244 2165 284 2224 Et
296 2175 384 2238 reete,
399 2175 429 2223 et
441 2184 540 2223 verum
561 2164 643 2223 diois.
685 2162 744 2224 He.
765 2164 898 2241 Sequere
917 2182 963 2225 me

286 2281 355 2341 ergo
368 2261 425 2321 hue
438 2260 524 2320 intro.
565 2259 789 2349 Minimum

468 2522 594 2579 scENA
609 2523 658 2579 lv.

475 2674 653 2733 AEscnrnus.

208 2830 397 2893 ffisenncmn
411 2831 519 2892 enimi:
533 2830 659 2891 hoooine
671 2830 709 2891 de
722 2830 880 2911 improviso
893 2830 959 2893 muli

286 2928 360 2989 mihi
373 2928 464 3009 objiei
