2018 3316
338 197 472 246 suomi.
501 195 594 243 rest
612 195 690 244 scu.
703 195 722 241 1.
917 182 954 241 15

106 343 257 407 Procedit:
278 346 439 424 sequimur:
461 345 498 404 ad
511 344 675 422 sepulcrum
689 343 836 403 venimus:

106 444 140 503 In
151 445 248 524 ignem
260 443 393 521 imposita
403 445 455 504 ’stt
472 442 563 502 fletur.
605 442 719 501 Interea
729 440 792 500 haec
802 457 893 510 soror,

105 541 204 605 Quam
218 541 288 614 dixi,
303 542 338 600 ad
352 541 495 599 flammam
509 538 632 601 accessit
646 537 864 616 imprudentius,

107 639 183 696 Satis
193 658 260 697 cum
270 638 398 716 periclo:
417 637 457 697 ibi
467 647 529 697 tum
539 635 719 696 exanimatus
727 633 894 712 Pamphilus

107 735 185 794 Beue
200 734 409 794 dissimulatum
424 752 548 793 amorem
562 743 592 791 et
604 731 728 792 celatum
743 731 860 790 indicat.
908 735 955 785 105

107 833 260 891 Accurrit:
280 832 406 895 mediam
419 831 569 890 mulierem
584 829 802 907 complectitur:

107 928 203 988 “Mea
222 929 433 1006 Glycerium1”
455 927 558 1005 inquit,
579 927 676 1004 “quid
696 926 779 1005 agist
800 945 852 986 cur
865 935 894 986 te

223 1025 451 1103 isperditumt”

105 1121 184 1180 Tum
199 1121 257 1195 illa,
272 1132 304 1181 ut
318 1132 488 1181 consuetum
502 1121 588 1182 facile
602 1139 728 1181 amorem
741 1138 886 1194 cerneres,

106 1217 223 1296 Rejecit
236 1237 268 1278 se
281 1219 311 1279 iu
325 1238 401 1292 eum,
415 1217 497 1291 flens,
511 1236 595 1295 quarn
610 1217 795 1278 familiariter.

106 1314 153 1374 So.
172 1295 258 1379 Quid
285 1315 342 1375 ais!
395 1314 440 1375 si.
461 1314 566 1375 Redeo
592 1314 661 1373 inde
686 1314 787 1387 iratus,
809 1323 895 1392 atque

223 1431 300 1491 egre
314 1412 416 1471 ferens.
513 1446 516 1450 ι
892 1413 954 1465 110

106 1507 172 1567 Nec
185 1509 255 1568 satis
269 1507 305 1567 ad
318 1507 528 1587 objurgandum
542 1526 646 1566 causae.
687 1505 816 1581 Diceret,

107 1605 218 1669 “Quid
232 1605 310 1664 fecit
328 1604 398 1683 quid
411 1603 580 1677 commerui,
592 1614 641 1663 aut
652 1603 783 1682 peccari,
793 1605 895 1682 pateat
927 1621 930 1631 ·

106 1700 183 1765 Qua
195 1721 260 1762 sese
273 1702 304 1761 in
318 1702 416 1780 ignem
429 1701 549 1779 injicere
563 1701 664 1775 voluit,
675 1699 827 1779 prohibui;

107 1798 268 1858 Servavi:”
290 1797 577 1857 honestaoratioest,
617 1797 666 1857 So.
686 1797 782 1858 Recte
792 1809 893 1876 putas:

107 1892 184 1961 Nam
199 1895 225 1954 si
237 1894 318 1954 illurn
331 1895 475 1973 objurges,
489 1894 554 1954 vita
567 1894 617 1971 qui
631 1894 769 1954 auxilium
782 1894 858 1969 tulit,
907 1903 955 1953 115

106 1989 190 2054 Quid
203 1990 292 2050 facias
306 1991 358 2064 illi,
369 1991 418 2068 qui
429 1990 540 2050 dederit
553 1990 690 2053 damnum
704 2002 753 2051 aut
766 1990 894 2050 malumt

105 2089 150 2150 st.
171 2089 261 2149 Venit
274 2089 414 2149 Chremes
426 2089 565 2168 postridie
579 2089 685 2163 adme,
700 2090 861 2162 clamitans,

110 2185 263 2265 indiguum
277 2185 407 2246 facinus!
428 2186 612 2264 comperisse,
626 2185 808 2264 Pamphilum

108 2283 164 2342 Pro
184 2301 274 2342 uxore
293 2283 399 2342 habere
418 2283 494 2343 hauc
513 2283 704 2362 peregrinam.
744 2281 810 2362 Ego
823 2282 894 2343 illud
922 2318 924 2324 ·

224 2379 327 2439 sedulo
564 2410 566 2415 ·

109 2476 223 2557 Negare
238 2476 363 2536 iactum:
385 2477 433 2536 iile
447 2477 533 2536 instat
547 2477 671 2536 factum:
693 2476 817 2554 denique
908 2489 954 2540 ltu

108 2573 226 2633 [tatum
241 2574 360 2635 discedo
374 2575 411 2635 ab
424 2574 483 2646 ilio,
498 2584 530 2632 ut
543 2573 592 2651 qui
605 2592 637 2633 se
650 2574 738 2633 filiam
873 2578 876 2584 ’

108 2669 205 2750 Neget
215 2670 357 2731 daturum.
397 2671 446 2730 So.
467 2670 536 2729 Non
547 2681 578 2728 tu
591 2670 631 2729 ibi
641 2682 760 2749 gnatum
772 2711 871 2730 .....
881 2673 894 2728 t

224 2767 269 2826 Si.
290 2766 338 2826 Ne
351 2767 414 2826 haec
428 2766 543 2844 quidem

109 2863 185 2925 Satis
194 2864 350 2923 vehemens
361 2883 448 2923 causa
457 2863 492 2923 ad
500 2864 717 2942 objurgandum.
758 2864 806 2923 So.
820 2862 894 2936 Qui,

226 2960 320 3020 cedot
