2018 3316
296 288 299 294 Ι
327 215 460 264 irritari.
490 219 553 264 ree.
564 218 592 263 v.
612 218 689 265 scau.
699 218 721 265 e.
902 206 942 267 7³

104 363 168 423 Pa.
189 363 274 424 Pater
298 365 408 423 amicus
431 385 559 424 summus
580 365 671 424 nobis.
713 365 775 424 Da.
796 365 896 429 Quist

225 457 285 518 Pa.
307 459 454 518 Chremes.
495 459 557 518 Da.
579 460 688 518 Narras
700 461 797 537 probe.

106 554 168 613 Pa.
190 552 255 613 Nec
269 574 349 614 mora
363 556 422 613 ulla
434 557 481 628 'st‚
489 556 558 632 quin
572 575 636 614 eam
649 574 767 614 uxorem
781 557 894 615 ducam.

229 650 281 710 ct.
303 650 383 709 Num
398 652 446 710 ille
459 652 584 711 somniat

108 745 165 817 Ea,
185 765 248 822 quae
269 747 391 824 vigilans
412 748 520 812 voluiti
560 747 619 806 Pa.
640 747 719 807 Tum
739 748 776 806 de
795 767 895 826 puero,

225 842 328 901 Dave?
370 844 431 902 Da.
453 844 517 901 Ah!
540 844 646 902 desine.

106 937 194 996 Solus
207 948 259 1011 est,
281 958 366 1015 quem
388 940 512 1018 diligunt
534 940 582 999 Dr.
624 941 677 1000 ot.
699 941 895 1014 Salinarum,

225 1036 249 1093 si
264 1037 326 1094 haee
340 1055 407 1095 vera
420 1047 495 1095 sunt.

105 1128 272 1205 Colloquar.
313 1129 373 1188 Pa.
397 1131 475 1193 Quis
496 1131 582 1189 homo
602 1133 660 1190 ’sti
700 1131 728 1189 0
749 1132 893 1191 Charine!

227 1225 256 1283 in
270 1234 398 1303 ternpore
412 1227 474 1304 ipro
488 1228 558 1284 mihi
574 1229 698 1287 advenis.
909 1240 940 1289 10

107 1321 162 1380 Ct.
184 1321 388 1381 Benefaetum.
422 1322 482 1382 Pa.
498 1325 667 1382 Audistin’i
704 1324 756 1382 or.
777 1324 893 1383 Omnia.

226 1419 300 1496 Age,
315 1437 362 1478 me
376 1419 406 1477 in
419 1419 477 1477 tuis
490 1420 624 1478 secundis
638 1420 756 1495 respice.

105 1513 192 1573 Tuus
206 1526 249 1575 eat
269 1535 348 1573 nune
370 1515 528 1575 Chremes:
550 1516 702 1588 facturum,
723 1536 786 1592 quae
807 1517 894 1590 voles,

226 1611 288 1671 seio
303 1631 366 1670 esse
379 1612 484 1672 omnia.

105 1708 168 1768 Pa.
190 1707 328 1768 Memini:
351 1720 435 1786 atque
449 1708 521 1768 adeo
539 1708 658 1788 longum
679 1720 721 1768 est
741 1729 795 1769 noe
815 1710 894 1769 iilum

226 1815 402 1883 exspectare,
416 1804 483 1864 dum
498 1817 588 1864 exeat.

107 1902 236 1980 Sequere
249 1902 306 1960 hae
319 1921 365 1960 me
379 1902 457 1960 intus
471 1902 506 1962 ad
519 1901 685 1979 Glyeerium
706 1923 794 1963 nune.
834 1903 896 1977 Tu,

225 1998 317 2080 Dave,
332 1998 378 2056 abi
392 1999 529 2057 domum:

104 2095 233 2173 Propere
247 2113 369 2168 arcesse,
391 2095 459 2153 hine
480 2095 529 2171 qui
551 2096 680 2154 auserunt
699 2115 773 2154 earn.
811 2095 894 2158 Quid

224 2191 304 2248 atari
325 2191 393 2267 quid
408 2192 526 2249 cessasr
566 2191 627 2249 Da.
649 2191 703 2250 Eo.
910 2196 940 2245 15

104 2285 155 2345 Ne
168 2285 349 2364 exspectetis,
370 2285 438 2343 dum
459 2297 561 2345 exeant
581 2287 657 2343 huc:
680 2287 757 2344 intus
776 2287 895 2363 despon-

225 2381 354 2452 debitur;

103 2478 189 2539 Intus
201 2477 384 2557 transigetur,
399 2477 423 2536 ai
437 2477 506 2555 quid
520 2488 573 2552 est,
588 2477 666 2555 quod
679 2488 775 2536 restet,

680 2581 738 2634 41.
752 2575 891 2639 Plaudite.

263 2708 280 2746 r
374 2685 393 2743 7
