2032 3322
254 210 406 259 inserer.
436 213 498 258 scr.
511 210 540 258 v.
558 210 667 258 senc.
841 196 896 261 111

65 359 121 421 Dr.
142 361 301 435 Postremo,
316 360 411 433 hodie,
423 360 453 418 in
467 360 647 437 psaltridhac
657 359 794 433 emundi,
805 358 854 419 hic

182 457 293 535 rdjutor
308 458 369 531 fuir,
868 458 899 509 1⁰

64 553 124 615 Hic
137 554 266 614 curarit:
286 554 422 632 prodesse
446 574 558 630 equum
577 557 629 613 ἐει
651 554 700 613 eiii
720 553 854 614 meliores

181 661 274 712 erunt

63 747 197 824 Denique
220 747 269 806 hic
282 747 341 806 volt
360 747 430 806 fieri.
471 747 526 806 Mi.
547 748 615 808 Vin'
636 757 668 806 tu
694 749 749 806 hoc
769 747 853 806 fieri?

180 844 249 904 AE's.
271 845 376 922 Cupio.
416 844 472 903 Mi.
494 844 527 902 Si
542 844 658 921 quidem

63 942 113 1000 Tu
139 942 192 1016 vis,
220 943 302 1018 Syre,
323 942 395 1000 ehoi
427 941 535 1000 accede
559 942 617 999 huc
638 941 675 1000 sd
697 961 760 1001 me:
780 942 854 1001 liber

180 1048 250 1097 esto.
291 1038 344 1115 Sy.
365 1039 445 1098 Bene
458 1037 547 1097 sacis:

63 1133 208 1193 Omnibus
231 1133 352 1214 gretiam
374 1134 466 1192 habeo
477 1155 485 1205 ;
506 1144 536 1193 et
558 1152 689 1194 seorsum
711 1135 765 1194 tibi
783 1153 853 1213 pre·

183 1239 272 1303 teres,
286 1228 406 1288 Demea.

64 1325 120 1386 De.
143 1326 272 1385 Gaudeo.
320 1326 389 1385 AEs.
411 1326 450 1385 Et
470 1344 534 1406 ego.
575 1327 628 1405 sp.
649 1326 754 1385 Credo.
794 1324 856 1386 Uti·

181 1441 249 1482 nem
262 1423 319 1482 hcc
331 1434 501 1501 perpetuum
515 1424 565 1482 fiat
577 1422 725 1501 gaudium,
870 1433 901 1483 15

65 1516 219 1598 Phrygiam
232 1529 265 1578 ut
277 1537 396 1578 uxorem
409 1538 503 1578 meam
524 1519 583 1577 und
605 1537 719 1578 mecum
739 1517 853 1578 videam

182 1615 310 1676 liberm

65 1712 122 1772 De.
136 1712 293 1790 Optumum
301 1713 418 1791 quidem
427 1713 585 1773 mulierem.
619 1714 671 1791 Sy.
693 1712 855 1790 thuidcm

182 1820 233 1868 tuo
246 1809 355 1887 nepoti,
369 1808 454 1888 hujus
467 1810 537 1884 filio,

67 1904 164 1963 Hodie
177 1905 297 1983 primam
305 1925 458 1965 mammam
468 1907 626 1967 dedithoec.
667 1907 725 1968 De.
747 1908 856 1969 Hercle

183 2020 250 2060 vero
262 2002 349 2075 serio,

67 2098 100 2156 Si
127 2097 242 2174 quidem
268 2097 388 2174 primam
415 2099 503 2172 dedit,
531 2101 606 2160 hcud
633 2102 763 2174 dubium,
787 2101 857 2178 quic

184 2194 277 2254 emitti
290 2213 404 2270 equom
416 2196 480 2254 siet„

66 2291 121 2351 Μὶ.
142 2291 191 2350 Ob
204 2310 268 2349 eam
292 2292 373 2350 remi
411 2292 469 2350 De.
489 2291 539 2350 Ob
558 2312 630 2352 eam.
672 2292 821 2353 Postremo
840 2312 859 2354 c

185 2406 231 2447 me
245 2396 404 2466 argentum,
418 2389 517 2465 quenti
531 2399 584 2462 est,
598 2390 712 2450 sumito.
870 2411 902 2463 m

67 2485 119 2563 Sy.
141 2483 181 2543 Di
195 2483 258 2556 tibi,
279 2482 399 2556 Demea,
420 2502 482 2555 oro,
506 2503 605 2543 omnes
628 2504 740 2563 semper
759 2487 858 2547 omnic

186 2590 284 2658 optate
296 2580 425 2638 offerent.

68 2678 122 2736 ΜΞ.
154 2678 235 2755 Syre,
262 2676 427 2753 processisti
453 2677 539 2736 hodie
565 2678 692 2757 pulchre.
746 2678 802 2740 De.
824 2680 856 2739 Si

185 2773 300 2850 quidem
314 2792 409 2850 porro,
424 2773 527 2847 Micio,

68 2870 118 2931 Tu
131 2881 213 2929 tuum
227 2870 352 2928 officium
367 2870 466 2945 iacies,
482 2885 567 2949 atque
580 2873 648 2932 huic
662 2873 771 2951 aliquid
788 2891 857 2951 peu·

186 2964 347 3046 lulumprre
362 2984 449 3028 muru
