2032 3322
238 288 390 336 annnam.
420 288 535 335 nsaw.
555 287 665 335 auat.
833 278 890 338 119

55 436 114 495 Sed
125 436 190 513 quis
197 438 301 496 ostium
310 438 366 496 hoo
376 438 519 514 pultavitt
557 436 627 495 AEa.
649 437 734 495 Pater
748 434 846 493 hercle

173 544 234 592 eat:
248 536 340 611 periit
381 534 437 592 Mt.
459 533 609 593 AEsohine.

55 628 124 688 AEs.
144 628 228 692 Quid
242 630 311 687 huio
331 629 380 688 hio
400 630 500 707 negoti
513 630 569 687 ’ott
609 628 664 687 Mt.
679 627 774 690 ,Tune
794 628 846 687 hm

172 726 307 803 pepulisti
320 727 416 783 sores?

54 820 157 880 Taoot.
199 822 260 879 Cur
273 841 333 880 non
352 821 421 881 ludo
442 807 522 880 buno
545 820 768 898 aliquantisper?
788 838 847 879 me·

173 918 228 975 lius
242 927 295 991 est,
858 937 876 987 5

54 1013 300 1090 Quandoquidem
327 1015 384 1073 hoo
410 1033 558 1091 nunquam
580 1014 652 1072 mihi
674 1014 737 1092 ipso
755 1012 847 1073 voluit

173 1110 299 1169 credere.

55 1206 138 1265 Nihil
153 1206 224 1265 mihi
232 1206 408 1283 respondeat
447 1206 517 1266 AEs.
537 1206 608 1266 Non
622 1206 756 1283 equidem
766 1206 846 1276 istas,

174 1303 250 1380 quod
264 1304 362 1362 sciam.

55 1398 110 1458 Mt.
134 1398 201 1457 Itat
231 1418 298 1457 nam
322 1399 456 1474 mirabar,
480 1399 550 1476 quid
570 1398 620 1458 hio
643 1399 751 1477 negotii
771 1408 848 1457 esset

172 1496 234 1555 tibi.

54 1592 198 1652 Erubuit:
219 1593 297 1652 salva
310 1612 356 1651 rea
369 1604 421 1652 est.
461 1592 532 1651 AEs.
553 1593 611 1651 Dio
625 1593 719 1666 sodes,
733 1606 824 1670 pater,

55 1688 126 1749 Tibi
150 1690 305 1766 veroquid
329 1690 395 1749 istiu
417 1699 461 1749 est
481 1690 546 1749 reid
595 1690 651 1749 Mi.
673 1690 755 1749 Nihil
775 1689 847 1749 mihi

173 1787 307 1862 quidem:
861 1794 892 1845 10

56 1882 180 1939 Amicus
194 1883 309 1957 quidam
322 1903 369 1941 me
383 1904 399 1942 a
414 1884 476 1942 soro
490 1883 608 1941 obduxit
621 1884 709 1943 modo

56 1978 126 2037 Huo
150 1978 318 2037 advocatum
341 1980 406 2039 sibi.
453 1979 523 2039 AEs.
543 1980 649 2043 Quidt
698 1980 753 2040 Μί.
781 1979 847 2059 Ego

174 2073 270 2132 diuam
283 2074 354 2132 tibi:

56 2170 197 2229 Habitant
211 2170 259 2229 hio
272 2171 403 2247 quaedum
416 2171 552 2230 mulieres
564 2171 767 2249 paupercula:

54 2268 95 2327 Ut
108 2268 219 2345 opinor,
234 2268 286 2325 has
299 2286 358 2325 non
371 2265 457 2325 ndsse
470 2278 509 2341 te,
524 2278 553 2325 et
567 2279 646 2327 oerto
659 2268 740 2326 auio:

55 2364 158 2441 Neque
173 2364 249 2421 enim
265 2364 314 2421 diu
328 2363 386 2421 huo
400 2364 633 2442 commigrdrunt.
674 2363 743 2422 AEs.
763 2362 848 2426 Quid

172 2471 234 2518 tum
246 2462 368 2537 posteat
861 2488 891 2539 15

55 2556 109 2615 Mt.
131 2557 223 2635 Virgo
247 2566 290 2615 est
313 2576 380 2615 oum
405 2567 504 2615 matre.
550 2556 619 2616 AEs.
640 2556 742 2637 Perge.
790 2557 845 2617 Mt.

174 2653 248 2712 Haeo
261 2654 342 2732 virgo
356 2655 427 2713 orba
440 2664 483 2711 est
496 2664 596 2731 patre:

55 2750 116 2809 Hic
129 2769 210 2809 meus
225 2751 335 2809 amicus
348 2751 390 2809 illi
403 2770 510 2829 genera
523 2761 567 2809 est
578 2770 754 2828 proxumus:

56 2845 136 2905 Huio
158 2847 238 2923 leges
260 2856 369 2925 coguut
391 2849 501 2906 nubere
524 2849 608 2907 hano.
657 2848 727 2907 AEs.
749 2846 845 2907 Periil

173 2942 228 3001 1111.
248 2942 332 3005 Quid
344 2946 410 3003 eati
