<?xml version="1.0" encoding="UTF-8"?>
<!DOCTYPE html PUBLIC "-//W3C//DTD XHTML 1.0 Transitional//EN"
    "http://www.w3.org/TR/xhtml1/DTD/xhtml1-transitional.dtd">
<html xmlns="http://www.w3.org/1999/xhtml" xml:lang="en" lang="en">
 <head>
  <title>
</title>
<meta http-equiv="Content-Type" content="text/html;charset=utf-8" />
  <meta name='ocr-system' content='tesseract 3.04.00' />
  <meta name='ocr-capabilities' content='ocr_page ocr_carea ocr_par ocr_line ocrx_word'/>
</head>
<body>
  <div class='ocr_page' id='page_1' title='image "./pubterentiiafri00teregoog/pubterentiiafri00teregoog_0116.png"; bbox 0 0 2032 3322; ppageno 0'>
   <div class='ocr_carea' id='block_1_1' title="bbox 253 216 890 277">
    <p class='ocr_par' dir='ltr' id='par_1_1' title="bbox 253 216 890 277">
     <span class='ocr_line' id='line_1_1' title="bbox 253 216 890 277; baseline 0.008 -5"><span class='ocrx_word' id='word_1_1' title='bbox 253 224 405 272; x_wconf 68' lang='lat' dir='ltr'><strong>suerum.</strong></span> <span class='ocrx_word' id='word_1_2' title='bbox 434 225 548 272; x_wconf 66' lang='lat' dir='ltr'><strong>resrv.</strong></span> <span class='ocrx_word' id='word_1_3' title='bbox 568 226 676 272; x_wconf 62' lang='lat' dir='ltr'><strong>seres.</strong></span> <span class='ocrx_word' id='word_1_4' title='bbox 835 216 890 277; x_wconf 74' lang='lat'><strong>121·</strong></span> 
     </span>
    </p>
   </div>
   <div class='ocr_carea' id='block_1_2' title="bbox 61 371 890 819">
    <p class='ocr_par' dir='ltr' id='par_1_2' title="bbox 61 371 890 738">
     <span class='ocr_line' id='line_1_2' title="bbox 62 371 805 450; baseline 0.003 -19"><span class='ocrx_word' id='word_1_5' title='bbox 62 372 122 431; x_wconf 88' lang='lat' dir='ltr'><strong>Cur</strong></span> <span class='ocrx_word' id='word_1_6' title='bbox 136 371 217 430; x_wconf 84' lang='lat' dir='ltr'><strong>duxit</strong></span> <span class='ocrx_word' id='word_1_7' title='bbox 231 371 374 431; x_wconf 80' lang='lat' dir='ltr'><strong>alienaml</strong></span> <span class='ocrx_word' id='word_1_8' title='bbox 413 372 482 431; x_wconf 82' lang='lat' dir='ltr'><strong>AEs.</strong></span> <span class='ocrx_word' id='word_1_9' title='bbox 504 373 552 431; x_wconf 84' lang='lat' dir='ltr'><strong>An</strong></span> <span class='ocrx_word' id='word_1_10' title='bbox 566 373 666 432; x_wconf 89' lang='lat' dir='ltr'><strong>sedere</strong></span> <span class='ocrx_word' id='word_1_11' title='bbox 679 374 805 450; x_wconf 78' lang='lat' dir='ltr'><strong>oportuit</strong></span> 
     </span>
     <span class='ocr_line' id='line_1_3' title="bbox 61 468 847 547; baseline 0.001 -20"><span class='ocrx_word' id='word_1_12' title='bbox 61 468 149 527; x_wconf 85' lang='lat' dir='ltr'>Domi</span> <span class='ocrx_word' id='word_1_13' title='bbox 163 468 301 546; x_wconf 83' lang='lat' dir='ltr'><strong>virginem</strong></span> <span class='ocrx_word' id='word_1_14' title='bbox 315 478 372 526; x_wconf 83' lang='lat' dir='ltr'><strong>tum</strong></span> <span class='ocrx_word' id='word_1_15' title='bbox 387 468 534 546; x_wconf 78' lang='lat' dir='ltr'><strong>grandem,</strong></span> <span class='ocrx_word' id='word_1_16' title='bbox 548 469 616 527; x_wconf 90' lang='lat' dir='ltr'><strong>dum</strong></span> <span class='ocrx_word' id='word_1_17' title='bbox 631 480 770 547; x_wconf 81' lang='lat' dir='ltr'><strong>sognrtus</strong></span> <span class='ocrx_word' id='word_1_18' title='bbox 790 471 847 528; x_wconf 86' lang='lat' dir='ltr'><strong>hue</strong></span> 
     </span>
     <span class='ocr_line' id='line_1_4' title="bbox 61 564 890 643; baseline 0.004 -20"><span class='ocrx_word' id='word_1_19' title='bbox 61 564 147 624; x_wconf 84' lang='lat' dir='ltr'><strong>Illinc</strong></span> <span class='ocrx_word' id='word_1_20' title='bbox 161 566 280 636; x_wconf 85' lang='lat' dir='ltr'><strong>reniret,</strong></span> <span class='ocrx_word' id='word_1_21' title='bbox 295 567 527 641; x_wconf 78' lang='lat' dir='ltr'><strong>exspeutauteml</strong></span> <span class='ocrx_word' id='word_1_22' title='bbox 568 565 651 638; x_wconf 77' lang='lat' dir='ltr'><strong>Hes,</strong></span> <span class='ocrx_word' id='word_1_23' title='bbox 666 567 705 624; x_wconf 90' lang='lat' dir='ltr'><strong>mi</strong></span> <span class='ocrx_word' id='word_1_24' title='bbox 717 577 807 643; x_wconf 83' lang='lat' dir='ltr'><strong>puter,</strong></span> <span class='ocrx_word' id='word_1_25' title='bbox 858 577 890 626; x_wconf 81' lang='grc' dir='ltr'><strong>4ο</strong></span> 
     </span>
     <span class='ocr_line' id='line_1_5' title="bbox 62 660 683 738; baseline 0.003 -18"><span class='ocrx_word' id='word_1_26' title='bbox 62 660 109 720; x_wconf 85' lang='lat' dir='ltr'><strong>Te</strong></span> <span class='ocrx_word' id='word_1_27' title='bbox 123 661 220 720; x_wconf 79' lang='lat' dir='ltr'><strong>dicere</strong></span> <span class='ocrx_word' id='word_1_28' title='bbox 234 679 343 738; x_wconf 78' lang='lat' dir='ltr'><strong>equom</strong></span> <span class='ocrx_word' id='word_1_29' title='bbox 359 660 421 734; x_wconf 78' lang='lat' dir='ltr'><strong>fuir,</strong></span> <span class='ocrx_word' id='word_1_30' title='bbox 435 671 464 718; x_wconf 86' lang='lat' dir='ltr'><strong>et</strong></span> <span class='ocrx_word' id='word_1_31' title='bbox 478 660 507 718; x_wconf 93' lang='lat' dir='ltr'><strong>id</strong></span> <span class='ocrx_word' id='word_1_32' title='bbox 522 660 683 722; x_wconf 78' lang='lat' dir='ltr'><strong>defendere.</strong></span> 
     </span>
    </p>

    <p class='ocr_par' dir='ltr' id='par_1_3' title="bbox 62 757 849 819">
     <span class='ocr_line' id='line_1_6' title="bbox 62 757 849 819; baseline 0.004 -3"><span class='ocrx_word' id='word_1_33' title='bbox 62 758 115 817; x_wconf 78' lang='lat' dir='ltr'><strong>Mi.</strong></span> <span class='ocrx_word' id='word_1_34' title='bbox 136 757 323 816; x_wconf 82' lang='lat' dir='ltr'><strong>Ridiculum!</strong></span> <span class='ocrx_word' id='word_1_35' title='bbox 353 757 540 817; x_wconf 76' lang='lat' dir='ltr'><strong>adversumne</strong></span> <span class='ocrx_word' id='word_1_36' title='bbox 563 758 643 818; x_wconf 89' lang='lat' dir='ltr'><strong>illum</strong></span> <span class='ocrx_word' id='word_1_37' title='bbox 666 778 783 818; x_wconf 78' lang='lat' dir='ltr'><strong>causum</strong></span> <span class='ocrx_word' id='word_1_38' title='bbox 807 759 849 819; x_wconf 89' lang='lat' dir='ltr'><strong>di·</strong></span> 
     </span>
    </p>
   </div>
   <div class='ocr_carea' id='block_1_3' title="bbox 60 874 848 1030">
    <p class='ocr_par' dir='ltr' id='par_1_4' title="bbox 60 874 848 1030">
     <span class='ocr_line' id='line_1_7' title="bbox 200 874 570 926; baseline 0 -14"><span class='ocrx_word' id='word_1_39' title='bbox 200 874 288 926; x_wconf 88' lang='lat' dir='ltr'><strong>erem,</strong></span> <span class='ocrx_word' id='word_1_40' title='bbox 567 911 570 918; x_wconf 86' lang='grc'><strong><em>,</em></strong></span> 
     </span>
     <span class='ocr_line' id='line_1_8' title="bbox 60 874 848 1030; baseline 0.003 -20"><span class='ocrx_word' id='word_1_41' title='bbox 60 952 117 1010; x_wconf 84' lang='lat' dir='ltr'><strong>Oui</strong></span> <span class='ocrx_word' id='word_1_42' title='bbox 140 874 273 1010; x_wconf 64' lang='lat' dir='ltr'><strong>veriorem</strong></span> <span class='ocrx_word' id='word_1_43' title='bbox 298 950 474 1010; x_wconf 82' lang='lat' dir='ltr'><strong>edvoeelusl</strong></span> <span class='ocrx_word' id='word_1_44' title='bbox 515 951 584 1025; x_wconf 86' lang='lat' dir='ltr'><strong>Sed,</strong></span> <span class='ocrx_word' id='word_1_45' title='bbox 606 952 675 1030; x_wconf 88' lang='lat' dir='ltr'><strong>quid</strong></span> <span class='ocrx_word' id='word_1_46' title='bbox 697 952 761 1027; x_wconf 72' lang='lat' dir='ltr'><strong>iste,</strong></span> <span class='ocrx_word' id='word_1_47' title='bbox 782 953 848 1012; x_wconf 60' lang='grc' dir='ltr'><strong>ὣ-</strong></span> 
     </span>
    </p>
   </div>
   <div class='ocr_carea' id='block_1_4' title="bbox 56 1047 889 3044">
    <p class='ocr_par' dir='ltr' id='par_1_5' title="bbox 176 1047 271 1120">
     <span class='ocr_line' id='line_1_9' title="bbox 176 1047 271 1120; baseline 0 -16"><span class='ocrx_word' id='word_1_48' title='bbox 176 1047 271 1120; x_wconf 81' lang='lat' dir='ltr'><strong>chine,</strong></span> 
     </span>
    </p>

    <p class='ocr_par' dir='ltr' id='par_1_6' title="bbox 60 1142 845 1301">
     <span class='ocr_line' id='line_1_10' title="bbox 60 1142 845 1218; baseline 0.009 -18"><span class='ocrx_word' id='word_1_49' title='bbox 60 1144 190 1202; x_wconf 69' lang='lat' dir='ltr'><strong>Nostri?</strong></span> <span class='ocrx_word' id='word_1_50' title='bbox 225 1152 272 1201; x_wconf 87' lang='lat' dir='ltr'><strong>sut</strong></span> <span class='ocrx_word' id='word_1_51' title='bbox 295 1142 364 1218; x_wconf 86' lang='lat' dir='ltr'><strong>quid</strong></span> <span class='ocrx_word' id='word_1_52' title='bbox 389 1143 474 1201; x_wconf 87' lang='lat' dir='ltr'><strong>nobis</strong></span> <span class='ocrx_word' id='word_1_53' title='bbox 494 1162 561 1203; x_wconf 85' lang='lat' dir='ltr'><strong>eum</strong></span> <span class='ocrx_word' id='word_1_54' title='bbox 582 1144 659 1204; x_wconf 86' lang='lat' dir='ltr'><strong>illisl</strong></span> <span class='ocrx_word' id='word_1_55' title='bbox 689 1145 845 1207; x_wconf 80' lang='lat' dir='ltr'><strong>Abeamus.</strong></span> 
     </span>
     <span class='ocr_line' id='line_1_11' title="bbox 176 1238 338 1301; baseline -0.025 0"><span class='ocrx_word' id='word_1_56' title='bbox 176 1238 258 1301; x_wconf 80' lang='lat' dir='ltr'><strong>Quid</strong></span> <span class='ocrx_word' id='word_1_57' title='bbox 273 1238 338 1297; x_wconf 83' lang='lat' dir='ltr'><strong>estl</strong></span> 
     </span>
    </p>

    <p class='ocr_par' dir='ltr' id='par_1_7' title="bbox 61 1334 889 1505">
     <span class='ocr_line' id='line_1_12' title="bbox 61 1334 844 1410; baseline 0.006 -17"><span class='ocrx_word' id='word_1_58' title='bbox 61 1335 145 1402; x_wconf 83' lang='lat' dir='ltr'><strong>Quid</strong></span> <span class='ocrx_word' id='word_1_59' title='bbox 159 1334 322 1410; x_wconf 81' lang='lat' dir='ltr'><strong>lacrymssl</strong></span> <span class='ocrx_word' id='word_1_60' title='bbox 361 1335 430 1394; x_wconf 81' lang='lat' dir='ltr'><strong>AEs.</strong></span> <span class='ocrx_word' id='word_1_61' title='bbox 452 1336 547 1406; x_wconf 85' lang='lat' dir='ltr'><strong>Peter,</strong></span> <span class='ocrx_word' id='word_1_62' title='bbox 560 1337 692 1406; x_wconf 76' lang='lat' dir='ltr'><strong>obsecro,</strong></span> <span class='ocrx_word' id='word_1_63' title='bbox 707 1337 844 1399; x_wconf 75' lang='lat' dir='ltr'><strong>russum</strong></span> 
     </span>
     <span class='ocr_line' id='line_1_13' title="bbox 175 1430 889 1505; baseline 0.004 -17"><span class='ocrx_word' id='word_1_64' title='bbox 175 1430 228 1489; x_wconf 75' lang='lat' dir='ltr'><strong>Mi.</strong></span> <span class='ocrx_word' id='word_1_65' title='bbox 250 1430 400 1504; x_wconf 84' lang='lat' dir='ltr'><strong>AEsehine,</strong></span> <span class='ocrx_word' id='word_1_66' title='bbox 416 1431 509 1490; x_wconf 80' lang='lat' dir='ltr'><strong>audiri</strong></span> <span class='ocrx_word' id='word_1_67' title='bbox 524 1431 632 1505; x_wconf 81' lang='lat' dir='ltr'><strong>omnin,</strong></span> <span class='ocrx_word' id='word_1_68' title='bbox 857 1449 889 1501; x_wconf 76' lang='lat'><strong>45</strong></span> 
     </span>
    </p>

    <p class='ocr_par' dir='ltr' id='par_1_8' title="bbox 59 1527 845 1681">
     <span class='ocr_line' id='line_1_14' title="bbox 59 1527 845 1608; baseline 0.001 -22"><span class='ocrx_word' id='word_1_69' title='bbox 59 1528 97 1586; x_wconf 85' lang='lat' dir='ltr'><strong>Et</strong></span> <span class='ocrx_word' id='word_1_70' title='bbox 119 1527 199 1586; x_wconf 78' lang='lat' dir='ltr'><strong>seio:</strong></span> <span class='ocrx_word' id='word_1_71' title='bbox 230 1546 296 1585; x_wconf 86' lang='lat' dir='ltr'><strong>nem</strong></span> <span class='ocrx_word' id='word_1_72' title='bbox 317 1537 346 1585; x_wconf 86' lang='lat' dir='ltr'><strong>te</strong></span> <span class='ocrx_word' id='word_1_73' title='bbox 371 1546 453 1598; x_wconf 76' lang='lat' dir='ltr'><strong>em03</strong></span> <span class='ocrx_word' id='word_1_74' title='bbox 474 1545 532 1604; x_wconf 87' lang='lat' dir='ltr'><strong>quo</strong></span> <span class='ocrx_word' id='word_1_75' title='bbox 556 1527 656 1606; x_wconf 75' lang='lat' dir='ltr'><strong>magis,</strong></span> <span class='ocrx_word' id='word_1_76' title='bbox 683 1546 746 1605; x_wconf 83' lang='lat' dir='ltr'><strong>que</strong></span> <span class='ocrx_word' id='word_1_77' title='bbox 774 1529 845 1608; x_wconf 79' lang='lat' dir='ltr'><strong>egis,</strong></span> 
     </span>
     <span class='ocr_line' id='line_1_15' title="bbox 175 1622 423 1681; baseline -0.004 0"><span class='ocrx_word' id='word_1_78' title='bbox 175 1642 251 1681; x_wconf 83' lang='lat' dir='ltr'><strong>curae</strong></span> <span class='ocrx_word' id='word_1_79' title='bbox 266 1632 332 1681; x_wconf 80' lang='lat' dir='ltr'><strong>sunl</strong></span> <span class='ocrx_word' id='word_1_80' title='bbox 345 1622 423 1681; x_wconf 92' lang='lat' dir='ltr'><strong>mihi.</strong></span> 
     </span>
    </p>

    <p class='ocr_par' dir='ltr' id='par_1_9' title="bbox 58 1718 845 1891">
     <span class='ocr_line' id='line_1_16' title="bbox 58 1718 845 1796; baseline 0.004 -18"><span class='ocrx_word' id='word_1_81' title='bbox 58 1718 126 1779; x_wconf 79' lang='lat' dir='ltr'><strong>AEs.</strong></span> <span class='ocrx_word' id='word_1_82' title='bbox 147 1718 192 1777; x_wconf 83' lang='lat' dir='ltr'><strong>lta</strong></span> <span class='ocrx_word' id='word_1_83' title='bbox 205 1719 288 1777; x_wconf 87' lang='lat' dir='ltr'><strong>velim</strong></span> <span class='ocrx_word' id='word_1_84' title='bbox 301 1737 347 1778; x_wconf 92' lang='lat' dir='ltr'><strong>me</strong></span> <span class='ocrx_word' id='word_1_85' title='bbox 359 1729 568 1796; x_wconf 70' lang='lat' dir='ltr'><strong>promerentem</strong></span> <span class='ocrx_word' id='word_1_86' title='bbox 581 1737 667 1793; x_wconf 84' lang='lat' dir='ltr'><strong>umes,</strong></span> <span class='ocrx_word' id='word_1_87' title='bbox 676 1720 745 1780; x_wconf 88' lang='lat' dir='ltr'><strong>dum</strong></span> <span class='ocrx_word' id='word_1_88' title='bbox 755 1720 845 1796; x_wconf 76' lang='lat' dir='ltr'><strong>rivus,</strong></span> 
     </span>
     <span class='ocr_line' id='line_1_17' title="bbox 175 1817 317 1891; baseline 0.014 -19"><span class='ocrx_word' id='word_1_89' title='bbox 175 1817 214 1872; x_wconf 88' lang='lat' dir='ltr'><strong>mi</strong></span> <span class='ocrx_word' id='word_1_90' title='bbox 227 1825 317 1891; x_wconf 80' lang='lat' dir='ltr'><strong>paler,</strong></span> 
     </span>
    </p>

    <p class='ocr_par' dir='ltr' id='par_1_10' title="bbox 58 1910 844 2079">
     <span class='ocr_line' id='line_1_18' title="bbox 58 1910 844 1986; baseline 0.005 -18"><span class='ocrx_word' id='word_1_91' title='bbox 58 1910 96 1968; x_wconf 90' lang='lat' dir='ltr'><strong>Ut</strong></span> <span class='ocrx_word' id='word_1_92' title='bbox 110 1929 156 1967; x_wconf 89' lang='lat' dir='ltr'><strong>me</strong></span> <span class='ocrx_word' id='word_1_93' title='bbox 180 1911 236 1969; x_wconf 83' lang='lat' dir='ltr'><strong>hoe</strong></span> <span class='ocrx_word' id='word_1_94' title='bbox 258 1911 394 1969; x_wconf 82' lang='lat' dir='ltr'><strong>delictum</strong></span> <span class='ocrx_word' id='word_1_95' title='bbox 421 1913 568 1971; x_wconf 78' lang='lat' dir='ltr'><strong>admisisse</strong></span> <span class='ocrx_word' id='word_1_96' title='bbox 591 1913 621 1971; x_wconf 89' lang='lat' dir='ltr'><strong>in</strong></span> <span class='ocrx_word' id='word_1_97' title='bbox 646 1930 702 1986; x_wconf 87' lang='lat' dir='ltr'><strong>me,</strong></span> <span class='ocrx_word' id='word_1_98' title='bbox 723 1912 753 1972; x_wconf 92' lang='lat' dir='ltr'><strong>id</strong></span> <span class='ocrx_word' id='word_1_99' title='bbox 773 1912 844 1972; x_wconf 88' lang='lat' dir='ltr'><strong>mihi</strong></span> 
     </span>
     <span class='ocr_line' id='line_1_19' title="bbox 174 2004 455 2079; baseline 0.014 -18"><span class='ocrx_word' id='word_1_100' title='bbox 174 2004 355 2064; x_wconf 82' lang='lat' dir='ltr'><strong>vehementer</strong></span> <span class='ocrx_word' id='word_1_101' title='bbox 369 2007 455 2079; x_wconf 82' lang='lat' dir='ltr'><strong>dolet,</strong></span> 
     </span>
    </p>

    <p class='ocr_par' dir='ltr' id='par_1_11' title="bbox 58 2100 845 2255">
     <span class='ocr_line' id='line_1_20' title="bbox 58 2100 845 2181; baseline 0.005 -24"><span class='ocrx_word' id='word_1_102' title='bbox 58 2100 95 2158; x_wconf 86' lang='lat' dir='ltr'><strong>Et</strong></span> <span class='ocrx_word' id='word_1_103' title='bbox 110 2119 155 2158; x_wconf 91' lang='lat' dir='ltr'><strong>me</strong></span> <span class='ocrx_word' id='word_1_104' title='bbox 169 2100 211 2157; x_wconf 86' lang='lat' dir='ltr'><strong>tui</strong></span> <span class='ocrx_word' id='word_1_105' title='bbox 223 2100 320 2176; x_wconf 63' lang='lat' dir='ltr'><strong>pudet</strong></span> <span class='ocrx_word' id='word_1_106' title='bbox 361 2101 414 2159; x_wconf 80' lang='lat' dir='ltr'><strong>dli.</strong></span> <span class='ocrx_word' id='word_1_107' title='bbox 436 2102 534 2161; x_wconf 78' lang='lat' dir='ltr'><strong>Credo</strong></span> <span class='ocrx_word' id='word_1_108' title='bbox 547 2101 664 2161; x_wconf 72' lang='lat' dir='ltr'><strong>hercle:</strong></span> <span class='ocrx_word' id='word_1_109' title='bbox 684 2121 751 2161; x_wconf 83' lang='lat' dir='ltr'><strong>uem</strong></span> <span class='ocrx_word' id='word_1_110' title='bbox 767 2102 845 2181; x_wconf 78' lang='lat' dir='ltr'><strong>inge·</strong></span> 
     </span>
     <span class='ocr_line' id='line_1_21' title="bbox 173 2196 426 2255; baseline 0.004 -1"><span class='ocrx_word' id='word_1_111' title='bbox 173 2196 253 2254; x_wconf 88' lang='lat' dir='ltr'><strong>nium</strong></span> <span class='ocrx_word' id='word_1_112' title='bbox 266 2196 333 2255; x_wconf 85' lang='lat' dir='ltr'><strong>novi</strong></span> <span class='ocrx_word' id='word_1_113' title='bbox 346 2208 426 2255; x_wconf 87' lang='lat' dir='ltr'><strong>tuum</strong></span> 
     </span>
    </p>

    <p class='ocr_par' dir='ltr' id='par_1_12' title="bbox 57 2292 886 2371">
     <span class='ocr_line' id='line_1_22' title="bbox 57 2292 886 2371; baseline 0.004 -21"><span class='ocrx_word' id='word_1_114' title='bbox 57 2292 208 2351; x_wconf 79' lang='lat' dir='ltr'><strong>Liberale:</strong></span> <span class='ocrx_word' id='word_1_115' title='bbox 230 2293 280 2350; x_wconf 89' lang='lat' dir='ltr'><strong>sed</strong></span> <span class='ocrx_word' id='word_1_116' title='bbox 295 2311 403 2365; x_wconf 84' lang='lat' dir='ltr'><strong>vereor,</strong></span> <span class='ocrx_word' id='word_1_117' title='bbox 416 2312 453 2351; x_wconf 90' lang='lat' dir='ltr'><strong>ne</strong></span> <span class='ocrx_word' id='word_1_118' title='bbox 468 2292 622 2371; x_wconf 76' lang='lat' dir='ltr'><strong>indiligens</strong></span> <span class='ocrx_word' id='word_1_119' title='bbox 636 2293 756 2352; x_wconf 89' lang='lat' dir='ltr'><strong>nimium</strong></span> <span class='ocrx_word' id='word_1_120' title='bbox 776 2294 841 2354; x_wconf 87' lang='lat' dir='ltr'><strong>sies.</strong></span> <span class='ocrx_word' id='word_1_121' title='bbox 854 2310 886 2360; x_wconf 76' lang='grc' dir='ltr'><strong>ω</strong></span> 
     </span>
    </p>

    <p class='ocr_par' dir='ltr' id='par_1_13' title="bbox 56 2384 739 2464">
     <span class='ocr_line' id='line_1_23' title="bbox 56 2384 739 2464; baseline 0.001 -19"><span class='ocrx_word' id='word_1_122' title='bbox 56 2384 90 2445; x_wconf 87' lang='lat' dir='ltr'><strong>In</strong></span> <span class='ocrx_word' id='word_1_123' title='bbox 105 2390 161 2464; x_wconf 73' lang='lat' dir='ltr'><strong>qul</strong></span> <span class='ocrx_word' id='word_1_124' title='bbox 176 2388 291 2446; x_wconf 80' lang='lat' dir='ltr'><strong>civitate</strong></span> <span class='ocrx_word' id='word_1_125' title='bbox 304 2388 418 2446; x_wconf 79' lang='lat' dir='ltr'><strong>tandem</strong></span> <span class='ocrx_word' id='word_1_126' title='bbox 432 2399 461 2447; x_wconf 82' lang='lat' dir='ltr'><strong>te</strong></span> <span class='ocrx_word' id='word_1_127' title='bbox 475 2388 611 2449; x_wconf 78' lang='lat' dir='ltr'><strong>arbitrare</strong></span> <span class='ocrx_word' id='word_1_128' title='bbox 625 2388 739 2446; x_wconf 84' lang='lat' dir='ltr'><strong>viverel</strong></span> 
     </span>
    </p>

    <p class='ocr_par' dir='ltr' id='par_1_14' title="bbox 57 2484 840 2564">
     <span class='ocr_line' id='line_1_24' title="bbox 57 2484 840 2564; baseline 0.006 -23"><span class='ocrx_word' id='word_1_129' title='bbox 57 2484 205 2562; x_wconf 84' lang='lat' dir='ltr'><strong>Virginem</strong></span> <span class='ocrx_word' id='word_1_130' title='bbox 220 2485 335 2556; x_wconf 71' lang='lat' dir='ltr'><strong>vidisti,</strong></span> <span class='ocrx_word' id='word_1_131' title='bbox 345 2504 428 2560; x_wconf 85' lang='lat' dir='ltr'><strong>quam</strong></span> <span class='ocrx_word' id='word_1_132' title='bbox 442 2495 471 2542; x_wconf 85' lang='lat' dir='ltr'><strong>te</strong></span> <span class='ocrx_word' id='word_1_133' title='bbox 481 2484 529 2560; x_wconf 91' lang='lat' dir='ltr'><strong>jus</strong></span> <span class='ocrx_word' id='word_1_134' title='bbox 541 2484 702 2542; x_wconf 83' lang='lat' dir='ltr'><strong>nonfuerut</strong></span> <span class='ocrx_word' id='word_1_135' title='bbox 714 2494 840 2564; x_wconf 74' lang='lat' dir='ltr'><strong>tangere.</strong></span> 
     </span>
    </p>

    <p class='ocr_par' dir='ltr' id='par_1_15' title="bbox 57 2579 842 2737">
     <span class='ocr_line' id='line_1_25' title="bbox 57 2579 842 2660; baseline 0.006 -23"><span class='ocrx_word' id='word_1_136' title='bbox 57 2579 75 2636; x_wconf 88' lang='lat' dir='ltr'>J</span> <span class='ocrx_word' id='word_1_137' title='bbox 78 2599 122 2637; x_wconf 81' lang='lat' dir='ltr'><strong>sm</strong></span> <span class='ocrx_word' id='word_1_138' title='bbox 136 2581 164 2638; x_wconf 91' lang='lat' dir='ltr'><strong>id</strong></span> <span class='ocrx_word' id='word_1_139' title='bbox 177 2590 328 2656; x_wconf 77' lang='lat' dir='ltr'><strong>peceatum</strong></span> <span class='ocrx_word' id='word_1_140' title='bbox 340 2581 464 2658; x_wconf 90' lang='lat' dir='ltr'><strong>primum</strong></span> <span class='ocrx_word' id='word_1_141' title='bbox 478 2599 632 2659; x_wconf 74' lang='lat' dir='ltr'><strong>magnum:</strong></span> <span class='ocrx_word' id='word_1_142' title='bbox 653 2599 798 2660; x_wconf 71' lang='lat' dir='ltr'><strong>magnum,</strong></span> <span class='ocrx_word' id='word_1_143' title='bbox 813 2593 842 2643; x_wconf 83' lang='lat' dir='ltr'><strong>st</strong></span> 
     </span>
     <span class='ocr_line' id='line_1_26' title="bbox 174 2677 454 2737; baseline 0.007 -3"><span class='ocrx_word' id='word_1_144' title='bbox 174 2677 328 2736; x_wconf 80' lang='lat' dir='ltr'><strong>humanum</strong></span> <span class='ocrx_word' id='word_1_145' title='bbox 341 2689 454 2737; x_wconf 83' lang='lat' dir='ltr'><strong>tumen:</strong></span> 
     </span>
    </p>

    <p class='ocr_par' dir='ltr' id='par_1_16' title="bbox 59 2773 846 3044">
     <span class='ocr_line' id='line_1_27' title="bbox 59 2773 840 2854; baseline 0.003 -22"><span class='ocrx_word' id='word_1_146' title='bbox 59 2773 168 2833; x_wconf 79' lang='lat' dir='ltr'><strong>Feedre</strong></span> <span class='ocrx_word' id='word_1_147' title='bbox 196 2774 242 2831; x_wconf 87' lang='lat' dir='ltr'><strong>alii</strong></span> <span class='ocrx_word' id='word_1_148' title='bbox 264 2793 348 2851; x_wconf 79' lang='lat' dir='ltr'><strong>sepe,</strong></span> <span class='ocrx_word' id='word_1_149' title='bbox 371 2775 437 2833; x_wconf 82' lang='lat' dir='ltr'><strong>item</strong></span> <span class='ocrx_word' id='word_1_150' title='bbox 460 2773 537 2832; x_wconf 91' lang='lat' dir='ltr'><strong>boni.</strong></span> <span class='ocrx_word' id='word_1_151' title='bbox 579 2775 620 2834; x_wconf 77' lang='lat' dir='ltr'><strong>Ar</strong></span> <span class='ocrx_word' id='word_1_152' title='bbox 641 2785 790 2854; x_wconf 78' lang='lat' dir='ltr'><strong>postquem</strong></span> <span class='ocrx_word' id='word_1_153' title='bbox 811 2775 840 2834; x_wconf 92' lang='lat' dir='ltr'><strong>id</strong></span> 
     </span>
     <span class='ocr_line' id='line_1_28' title="bbox 174 2871 846 2945; baseline 0.006 -16"><span class='ocrx_word' id='word_1_154' title='bbox 174 2871 277 2944; x_wconf 81' lang='lat' dir='ltr'><strong>everrit,</strong></span> <span class='ocrx_word' id='word_1_155' title='bbox 291 2871 374 2945; x_wconf 82' lang='lat' dir='ltr'><strong>cedo,</strong></span> <span class='ocrx_word' id='word_1_156' title='bbox 418 2894 420 2899; x_wconf 55' lang='lat'><strong>⁴</strong></span> <span class='ocrx_word' id='word_1_157' title='bbox 822 2892 846 2919; x_wconf 84' lang='grc'><strong>-’</strong></span> 
     </span>
     <span class='ocr_line' id='line_1_29' title="bbox 180 2984 324 3044; baseline 0.014 -2"><span class='ocrx_word' id='word_1_158' title='bbox 180 3006 197 3042; x_wconf 84' lang='lat' dir='ltr'><strong>r</strong></span> <span class='ocrx_word' id='word_1_159' title='bbox 291 2984 324 3044; x_wconf 91' lang='lat' dir='ltr'><strong>ll</strong></span> 
     </span>
    </p>
   </div>
   <div class='ocr_carea' id='block_1_5' title="bbox 0 0 1020 3322">
    <p class='ocr_par' dir='ltr' id='par_1_17' title="bbox 0 0 1020 3322">
     <span class='ocr_line' id='line_1_30' title="bbox 0 0 1020 3322; baseline 0 1"><span class='ocrx_word' id='word_1_160' title='bbox 0 0 1020 3322; x_wconf 95' lang='lat' dir='ltr'><strong> </strong></span> 
     </span>
    </p>
   </div>
  </div>
 </body>
</html>
