2018 3316
283 204 439 255 marm
465 206 583 254 amna
602 206 712 255 suna
873 198 927 259 lul

106 350 187 413 Nihil
201 352 259 413 ridi
272 355 426 432 quidquam
439 353 540 415 lartius.-
578 355 634 414 Dr.
655 354 711 414 Pro
723 354 852 432 Jupiter!

107 447 241 509 Hominis
254 451 417 510 stultitiam!
458 452 509 528 Sy.
531 451 711 510 Collaudavit
723 451 813 511 lilium
826 472 832 511 :

104 544 190 618 triti,
204 546 296 623 quiid
310 547 451 606 dedissem
464 547 626 620 eonsilium,
639 548 698 626 egit
712 547 826 626 gratiae.
873 562 876 567 ’

106 640 160 701 De.
193 641 370 720 Disrumpor.
419 643 472 720 Sy.
501 643 661 722 Argentum
689 646 886 705 annumeravit

221 739 319 798 illioo:
829 779 831 784 ·
900 748 931 798 15

106 833 193 892 Dedit
204 845 341 912 preterea
355 835 384 894 io
398 846 532 908 sumtum,
547 836 697 895 dimidium
710 836 813 896 mium:

106 930 140 989 ld
153 930 340 999 distributum·
348 952 417 990 sane
428 943 471 991 est
484 952 520 991 ex
529 933 680 992 senteutid
713 934 770 992 De.
792 933 885 994 Heml

107 1027 184 1086 Huio
198 1029 324 1102 mandes,
338 1030 362 1087 si
376 1030 444 1106 quid
458 1040 536 1088 reete
549 1040 677 1088 curatum
690 1030 768 1090 velis.

104 1123 157 1202 Sy.
188 1124 284 1184 Heml
317 1125 437 1199 Demea,
458 1126 534 1184 haud
555 1145 719 1204 aspexeram
738 1141 786 1186 te:
816 1128 885 1207 quid

222 1221 336 1298 agiturl

106 1316 162 1376 De.
194 1316 304 1380 “Quid
329 1318 475 1395 agatur!.”
509 1327 630 1376 vostram
654 1336 766 1395 nequeo
788 1319 884 1379 mirari

220 1413 289 1471 satis
898 1422 929 1472 ω

109 1509 269 1570 Rationem.
317 1509 369 1587 Sy.
397 1509 450 1569 Est
476 1509 573 1568 hercle
598 1509 705 1587 inepta,
732 1529 769 1569 ne
789 1511 884 1571 dinam

220 1606 297 1678 dolo,
340 1618 356 1657 “.
427 1622 429 1627 ·

107 1703 201 1779 Atque
215 1700 498 1761 absurda-Pisaea
511 1712 623 1762 eeteros
635 1722 735 1781 purga,
756 1703 882 1763 Dromo:

104 1799 251 1877 Congrum
266 1800 351 1857 istum
364 1818 526 1857 maxumum
540 1799 570 1858 iu
584 1801 657 1876 aqud
677 1801 763 1859 sinito
776 1801 874 1860 ludere

106 1896 269 1973 Paulisperr
290 1895 339 1954 ubi
353 1914 408 1973 ego
420 1914 533 1968 venero,
547 1896 743 1955 exornabitur:

105 1991 187 2053 Prius
209 1991 285 2050 nolo.
325 1992 383 2052 De.
404 1991 545 2051 Haecine
565 1992 692 2070 flagitia!
732 1993 785 2070 Sy.
807 1992 883 2053 Mihi

219 2088 333 2164 quidem
347 2107 404 2146 non
417 2088 531 2164 placent
545 2108 552 2146 :
898 2101 930 2152 25

105 2186 141 2245 Et
154 2187 249 2246 olamo
262 2206 344 2263 saepe.
353 2219 392 2233 -
401 2187 579 2245 Salsamenta
591 2186 663 2258 haee,
673 2185 843 2263 stephanio,

105 2283 163 2342 Fae
196 2293 375 2341 macerentur
407 2284 534 2359 pulchre.
594 2283 651 2342 De.
684 2282 723 2340 Di
760 2292 882 2340 vostram

219 2379 322 2438 fidem!
368 2402 371 2407 ·
416 2408 419 2413 >

104 2476 203 2535 Utrum
215 2476 347 2534 studione
361 2475 389 2533 id
403 2475 457 2533 sibi
469 2474 563 2546 habet,
579 2494 614 2532 an
628 2475 706 2532 laudi
718 2485 799 2551 putat

104 2573 187 2644 Fore,
201 2573 225 2631 si
239 2572 393 2649 perdiderit
407 2573 546 2649 gnatuml
585 2571 636 2629 Vre
651 2571 756 2630 misero
769 2572 857 2631 mihil

104 2670 208 2728 Videre
223 2669 319 2727 videor
329 2667 386 2746 jam
401 2668 476 2725 diem
493 2667 580 2738 illum,
596 2686 660 2725 eum
676 2668 744 2726 hino
757 2687 844 2746 egens
898 2677 929 2726 30

104 2766 249 2843 Profugiet
263 2766 358 2841 aliquo
372 2765 530 2822 militatum.
571 2763 622 2839 Sy.
644 2763 672 2821 Ο
686 2765 811 2823 Demea!

105 2861 181 2920 lstuo
196 2873 238 2920 est
252 2881 360 2938 sapere,
373 2880 443 2932 non,
455 2860 530 2936 quod
547 2861 712 2937 antepedes
725 2862 811 2919 modo
825 2863 860 2919 'st

107 2958 219 3033 Videre,
233 2959 282 3016 sed
296 2958 381 3016 etiam
396 2958 454 3029 illa,
467 2976 530 3033 quae
544 2956 639 3016 lutura
651 2967 732 3030 sunt,

332 3053 381 3114 9·
