2018 3316
135 251 190 309 120
357 260 510 307 ADELPHI.
540 259 655 306 ncnrv.
676 259 785 305 scens.

176 408 244 466 AEs.
276 408 378 467 Nihil:
412 419 509 467 recte:
540 427 636 487 perge.
691 408 746 466 Mi.
775 406 805 464 Is
826 407 916 481 venit,
937 417 969 465 ut

294 524 392 562 secum
408 506 526 563 avehat:

130 608 161 658 20
175 601 252 660 Nam
277 602 385 659 habitat
411 600 514 659 Mileti.
556 600 625 658 AEs.
647 600 742 658 Hem!
773 599 917 680 virginem
937 610 970 659 ut

293 717 391 756 secum
408 698 526 756 avehat!

175 795 230 853 Mi.
253 795 304 853 Sic
330 805 381 853 est.
433 794 502 852 AEs.
530 793 664 851 Miletum
692 812 792 870 usque,
820 793 970 852 obsecrot

293 891 347 949 rifi.
369 890 422 949 Ita
463 890 532 948 AEs.
553 890 661 947 Animo
675 890 750 947 male
764 891 807 948 'st

174 986 257 1049 Quid
268 987 336 1064 ipsa·
348 989 359 1045 t
380 987 448 1064 quid
460 987 561 1045 aiunt?
602 986 656 1044 Mi.
677 985 760 1048 Quid
771 986 835 1043 illas
843 988 971 1045 censes!

293 1083 364 1141 nihil
380 1084 465 1141 enim.

175 1180 346 1237 Commenta
360 1190 448 1237 mater
463 1189 515 1253 est,
530 1197 593 1238 esse
607 1198 643 1236 ex
656 1177 712 1237 alio
726 1179 797 1252 viro,

173 1275 284 1334 Nescio
294 1294 360 1353 quo,
370 1295 491 1352 puerum
502 1287 600 1334 nutum
609 1296 617 1346 ;
638 1295 807 1352 nequeeum
817 1277 968 1349 nominat;

127 1378 159 1426 25
172 1372 300 1431 Priorem
316 1392 378 1431 esse
392 1373 491 1444 illum;
513 1392 572 1430 non
587 1383 718 1448 oportere
732 1372 800 1431 huic
814 1373 886 1431 dari.

172 1469 241 1527 AEs.
263 1469 346 1527 Eho!
368 1488 465 1527 nonne
479 1470 542 1527 hacc
553 1469 630 1547 justa
639 1469 693 1528 tibi
703 1469 968 1548 videnturpostea?

172 1566 227 1623 Mi.
248 1565 326 1624 Non.
368 1566 437 1623 AEs.
458 1565 599 1638 Obsecro,
626 1567 708 1623 noni
739 1585 775 1623 an
797 1565 876 1624 illam
897 1566 967 1625 hinc

292 1662 425 1734 abducet,
438 1663 541 1738 patert

172 1757 227 1815 Mi.
248 1757 331 1820 Quid
355 1757 432 1814 illam
456 1759 487 1815 ni
512 1758 658 1816 abducat?
708 1758 778 1816 AEs.
800 1758 927 1817 Factum
949 1778 966 1818 a

289 1854 368 1912 vobis
383 1855 500 1926 duriter,

172 1948 512 2025 Immisericorditerque:
535 1960 617 2027 atque
631 1950 728 2023 etiam,
742 1951 766 2008 si
780 1961 834 2024 est,
846 1963 939 2029 pater,

126 2057 157 2106 30
173 2045 338 2103 Dicendum
352 2045 443 2122 magis
459 2056 564 2122 aperte,
579 2045 767 2109 illiberaliter.¹

171 2143 225 2201 Mi.
246 2142 464 2205 Quamobrent
505 2143 573 2200 AEs.
595 2143 696 2220 Rogas
709 2145 777 2205 meh
815 2144 901 2207 Quid
923 2146 963 2204 illi

288 2239 404 2296 tandem
419 2239 536 2296 creditis

170 2335 245 2393 Fore
261 2335 349 2392 animi
363 2336 478 2406 misero,
492 2335 540 2411 qui
556 2354 622 2392 cum
637 2336 687 2394 illa
701 2336 851 2394 consuevit
870 2338 962 2414 prius,

168 2431 231 2494 Qui
245 2432 344 2489 infelix
357 2432 433 2489 haud
447 2432 508 2489 scio
523 2452 559 2489 an
573 2431 651 2489 illam
664 2433 768 2491 misero
781 2453 861 2491 nunc
875 2448 960 2507 amat,

170 2528 244 2585 Cum
260 2529 335 2586 hanc
349 2528 403 2586 sibi
418 2529 526 2586 videbit
538 2548 664 2605 praesens
676 2529 810 2605 praesenti
824 2531 909 2607 eripi,

124 2636 155 2684 35
169 2623 287 2680 Abduci
303 2625 338 2681 ab
352 2624 467 2682 oculis?
489 2625 601 2682 facinus
615 2624 775 2703 indignum,
789 2629 891 2701 pater!

169 2719 223 2778 Mi.
250 2718 321 2781 Qua
344 2720 455 2778 ratione
479 2721 575 2778 istuct
606 2721 670 2797 quis
692 2722 866 2798 despondit‘t
897 2725 960 2800 quis

286 2815 386 2873 deditt

169 2912 249 2972 cuit
269 2912 383 2989 quando
397 2914 513 2990 nupsit?
535 2924 633 2973 auctor
654 2914 699 2972 his
711 2914 799 2974 rebus
811 2915 876 2992 quis
890 2918 957 2975 est!
